4380 6248
829 373 974 430 KAROLI
996 374 1121 432 MAGNI
1142 375 1411 434 CAPITULARIA.

313 803 379 908 71.
402 799 796 909 CAPITULA
817 799 1294 909 TRAOTANDA
1321 803 1489 913 OUM
1514 803 1926 916 OOMITIBUS

639 966 1014 1077 EPISOOPIS
1043 968 1137 1077 ET
1168 970 1605 1082 ABBATIBUS.

1087 1139 1160 1217 su.

422 1313 594 1418 Legionem
620 1332 654 1394 tia
684 1329 774 1394 codd.
860 1333 887 1408 1)
905 1330 1012 1394 Pons.
1031 1333 1121 1397 9654.
1152 1331 1210 1414 fol.
1227 1335 1275 1396 24.
1362 1335 1392 1410 ⁶2)
1414 1334 1563 1398 letis-ano
1590 1337 1671 1398 obiter
1696 1334 1836 1398 Palatua.
1856 1337 1925 1402 582.

281 1440 372 1524 sfol.
390 1440 438 1505 27.
519 1437 550 1514 3)
570 1438 712 1501 Noribzb.
735 1436 794 1522 fol.
809 1439 877 1518 38',
903 1435 951 1500 De
977 1439 1221 1520 interrogatione
1248 1439 1355 1502 domni
1376 1441 1573 1523 imperatoris
1594 1442 1633 1505 do
1653 1462 1737 1506 anno
1758 1444 1925 1507 undecimo

316 1543 474 1626 obsaepta
493 1541 615 1620 11112,
636 1539 716 1603 Item
738 1540 799 1603 alia
820 1540 957 1623 capitula
976 1540 1011 1602 in
1032 1539 1099 1603 cod.
1112 1542 1141 1604 3.

421 1641 572 1727 Capitale
599 1664 661 1704 noar
687 1642 888 1725 rinporatorals
914 1640 1019 1704 edicta
1044 1643 1201 1704 contullerat
1226 1642 1285 1705 sed
1312 1655 1507 1728 correpectuni
1537 1669 1708 1709 causarum
1733 1671 1855 1726 carrara,
1889 1646 1927 1711 de

315 1746 431 1830 quobus
450 1746 623 1829 ainpcrator
636 1766 785 1828 proceres
806 1743 840 1805 in
855 1741 977 1826 placito
998 1742 1199 1828 Aqozlsyrani
1219 1743 1309 1806 fraud
1335 1743 1429 1808 dubie
1449 1759 1649 1832 corryrepotos
1670 1747 1792 1834 nlhqur'
1808 1761 1837 1812 et
1857 1774 1924 1812 111111

316 1849 400 1932 spissis
421 1858 557 1909 mactare
569 1845 675 1909 soluat.
719 1845 834 1928 Capito
846 1846 938 1908 2—4
959 1846 1098 1924 cometes,
1120 1848 1229 1910 6-13
1252 1846 1433 1929 praeoptem,
1454 1851 1584 1931 capiuli)
1606 1861 1669 1911 torri
1687 1852 1813 1914 coanz'tes
1832 1874 1924 1935 qoam

270 1965 296 2003 io
312 1949 479 2033 poamjfces
498 1948 682 2031 respuebant·
1433 1949 1526 2030 (ffl,
1547 1952 1621 2030 ltu
1647 1951 1685 2015 P·
1697 1952 1725 2032 I>
1751 1953 1827 2032 165)

420 2108 513 2236 Cap.
539 2156 564 2216 1.
608 2150 647 2214 In
674 2151 784 2235 primis
811 2169 955 2233 separare
975 2149 1125 2213 volumus
1147 2151 1336 2232 episcoposl,
1364 2150 1509 2214 abbatesn
1536 2160 1567 2215 et
1592 2155 1722 2217 comites
1749 2163 1872 2219 nostros
1897 2163 1928 2220 et

319 2255 520 2340 singulariter
540 2254 632 2317 illosb
654 2253 780 2336 alloqui.

418 2360 447 2422 2.
491 2356 579 2432 Quae
600 2374 715 2418 causae
736 2353 891 2425 efficiunt,
914 2360 949 2417 ut
970 2374 1055 2417 rinus
1067 2354 1156 2417 alteri
1168 2353 1360 2417 adiutorium
1375 2365 1531 2437 praestare
1541 2356 1636 2434 nolit,
1657 2358 1724 2420 sire
1745 2359 1776 2420 in
1801 2359 1928 2422 ma1ol1o

319 2462 387 2525 sire
408 2462 440 2522 in
462 2459 603 2523 exercitu
626 2457 681 2521 ubi
702 2456 822 2539 aliquid
843 2456 987 2519 utilitatis
1008 2456 1190 2519 defensione
1210 2457 1329 2538 patriae
1347 2455 1449 2519 facere
1470 2456 1568 2520 debet

270 2577 298 2616 1⁵
418 2564 446 2627 3.
488 2560 582 2625 Unde
602 2559 675 2622 illae
702 2558 976 2641 frequentissimae
1001 2557 1214 2636 causationes,
1239 2558 1272 2619 in
1300 2557 1417 2640 quibus
1443 2578 1529 2622 ainus
1555 2559 1642 2622 alteri
1669 2563 1819 2643 quaene,
1841 2564 1928 2645 quic»

320 2664 398 2748 quid
418 2682 526 2747 parem
546 2681 642 2725 suum
662 2661 776 2724 viderit
796 2659 1015 2744 possidentem.

420 2767 449 2830 4.
491 2762 540 2828 De
560 2783 597 2827 co
619 2763 702 2847 quod
726 2761 859 2844 quilibet
879 2761 1008 2825 alterius
1029 2761 1189 2825 hominem
1210 2762 1248 2824 ad
1271 2781 1304 2825 se
1328 2762 1501 2845 fugientem
1523 2764 1662 2847 suscipit.

419 2869 448 2932 5.
491 2864 709 2948 Interrogandi
732 2871 823 2944 sunt,
849 2865 883 2926 in
905 2863 1023 2946 quibus
1043 2862 1139 2927 rebus
1165 2864 1213 2928 vel
1234 2864 1312 2927 locis
1336 2864 1537 2927 ecclesiastici
1556 2864 1645 2929 laicis
1666 2873 1721 2930 aut
1743 2868 1812 2931 laici
1833 2869 1930 2933 eccle·

319 2971 454 3035 siasticis
476 2969 687 3032 ministerium
708 2987 805 3031 suum
827 2966 1032 3049 impediuntl.
1075 2965 1113 3028 ln
1134 2967 1193 3029 hoo
1210 2966 1277 3028 looo
1299 2966 1535 3029 discutiendum
1553 2976 1600 3031 est
1613 2974 1708 3052 atque
1717 2971 1929 3036 intervenien-

270 3093 299 3131 1ο
320 3073 414 3152 dum,
435 3072 469 3134 iu
493 3074 650 3154 quantum
672 3088 705 3133 se
727 3070 894 3152 episcopus
915 3075 970 3131 aut
990 3067 1088 3131 abbas
1104 3068 1199 3131 rebus
1214 3066 1409 3131 secularibus
1421 3066 1532 3130 debeat
1544 3069 1681 3134 inserere
1701 3072 1752 3135 vel
1774 3074 1807 3135 in
1830 3094 1930 3156 quan·

319 3184 389 3238 tum
412 3192 517 3237 nomes
536 3173 586 3236 vel
607 3172 684 3235 alter
704 3171 804 3234 laicus
825 3172 857 3232 in
879 3169 1088 3233 ecelesiastica
1112 3170 1249 3252 negocia
1297 3168 1359 3232 Hic
1388 3171 1645 3253 interrogandum
1672 3182 1718 3237 est
1739 3176 1929 3249 acutissime,

322 3276 400 3360 quid
422 3277 462 3339 sit
486 3274 570 3359 quod
593 3273 753 3358 apostolus
776 3274 853 3335 ait¹:
881 3271 987 3335 ‘nomo
1014 3271 1153 3334 militans
1174 3269 1240 3334 Deo
1263 3270 1402 3353 implicet
1422 3290 1456 3334 se
1479 3274 1612 3354 negotiis
1633 3274 1854 3357 secularibus',
1880 3277 1929 3341 vel

317 3380 357 3443 ad
382 3397 463 3462 quos
485 3396 588 3440 sermo
610 3377 668 3440 iste
689 3376 849 3459 pertineat.

422 3482 449 3546 6.
493 3478 576 3554 Quid
599 3479 654 3555 sit,
684 3477 767 3560 quod
801 3477 1025 3558 unusquisque
1049 3475 1240 3539 christianus
1268 3477 1299 3538 in
1327 3475 1481 3560 baptismo
1512 3477 1681 3560 loquitur⁰‚
1710 3480 1774 3543 vell
1798 3481 1932 3564 quibus¹

269 3602 299 3642 11
319 3582 533 3646 abrenunciet.

421 3685 448 3748 l.
494 3682 582 3759 Quae
595 3681 742 3747 sectando
758 3681 807 3745 vel
824 3681 1017 3765 neglegendo
1038 3682 1139 3763 ipsam
1150 3700 1241 3744 suam
1258 3681 1528 3744 renunciationem
1546 3682 1597 3745 vel
1618 3682 1927 3748 abrenunciationem

318 3788 440 3851 irritam
464 3788 564 3850 faeiat

420 3892 448 3955 8.
494 3887 584 3964 Quod
606 3887 659 3951 ille
680 3886 761 3950 beno
781 3887 814 3948 in
831 3884 936 3948 Deum
956 3905 1019 3948 uon
1042 3885 1139 3947 credit
1164 3885 1219 3967 qui
1239 3893 1401 3967 praccepta
1414 3886 1483 3948 eius
1506 3886 1637 3968 impune
1658 3905 1691 3949 se
1709 3894 1930 3970 contempnere

320 3997 410 4076 putat
430 3990 480 4055 vel
503 3992 580 4075 quiss
600 4008 637 4053 ea
658 3990 749 4073 quasi
770 4008 834 4051 uon
858 3995 990 4051 ventura
1011 3987 1141 4070 despicit
1162 4004 1243 4068 quae
1265 3985 1316 4048 illc
1337 3986 1549 4050 comminatus
1570 3995 1626 4050 est.

270 4118 300 4156 so
419 4096 448 4158 9.
494 4090 585 4168 Quod
608 4090 719 4154 nobis¹¹
741 4088 976 4172 despiciendum
999 4093 1061 4168 est,
1087 4095 1194 4150 utrum
1222 4107 1295 4151 vere
1321 4088 1483 4151 christiani
1505 4109 1628 4152 sumus.
1678 4088 1769 4164 Quod
1797 4091 1828 4153 in
1856 4110 1930 4154 con·

321 4195 513 4259 siderationo
534 4194 617 4256 vitae
638 4192 700 4255 vel¹
728 4211 853 4254 morum
875 4199 1054 4253 nostrorum
1075 4189 1223 4253 facillimo
1244 4191 1389 4274 cognosci
1416 4197 1531 4273 potest,
1567 4192 1592 4254 si
1615 4191 1781 4274 diligenter
1800 4211 1930 4256 conver·

322 4297 478 4361 sationem
500 4315 606 4358 coram
627 4295 782 4358 discutere
804 4292 999 4355 voluerimus
1007 4294 1028 4353 l.

425 4403 469 4464 lo.
511 4395 559 4461 De
579 4398 645 4459 vita
666 4404 696 4459 et
719 4395 861 4458 moribus
883 4401 1044 4478 pastorum
1067 4399 1245 4456 nostrorum
1268 4392 1299 4455 id
1321 4400 1369 4456 ost
1391 4394 1626 4477 episcoporum,
1653 4395 1708 4476 qui
1730 4394 1846 4478 populo
1869 4394 1929 4460 Dei

320 4520 386 4564 non
413 4499 515 4563 solum
544 4498 684 4563 docendo
712 4498 765 4561 sed
794 4499 888 4561 etiam
917 4495 1051 4560 vivendo
1077 4495 1258 4579 exemplum
1287 4495 1407 4558 bonum
1433 4495 1507 4560 dare
1533 4496 1661 4575 debent;
1688 4498 1766 4580 ipsis
1791 4517 1929 4582 namque

268 4626 299 4667 ss
322 4601 500 4686 apostolum
523 4601 642 4665 dixisse
662 4600 838 4679 credimus,
865 4598 919 4662 ubi
941 4600 1049 4662 dicit‘2:
1076 4597 1261 4661 ‘imitatores
1291 4599 1352 4661 mei
1374 4605 1472 4662 estote
1492 4606 1523 4662 et
1550 4598 1713 4662 observate
1735 4601 1865 4683 eosqui
1887 4602 1930 4664 ita

320 4702 501 4784 ambulant,
523 4704 605 4766 sicut
624 4701 746 4765 habetis
766 4702 899 4763 formam
920 4699 1084 4764 nostram'.

423 4809 469 4870 11.
512 4804 560 4868 De
578 4806 644 4868 vita
664 4823 776 4867 eorum
799 4804 854 4887 qui
874 4803 1023 4866 dicuutur
1043 4803 1202 4882 canonici,
1224 4802 1338 4884 qualis¹
1360 4821 1429 4865 csse
1450 4801 1580 4865 debeat¹.

423 4908 468 4971 12.
509 4905 557 4970 De
578 4907 815 4969 conversatione
836 4905 1080 4984 monachorum,
1107 4912 1138 4968 ct
1160 4910 1267 4969 utrum
1289 4905 1387 4987 aliqui
1411 4905 1556 4968 monachi
1578 4924 1646 4969 esse
1667 4907 1789 4989 possint
1809 4913 1931 4990 praeter

422 5159 449 5225 a)
469 5156 607 5228 episcopis
618 5155 799 5211 abbatibusb.
881 5154 910 5223 b)
926 5172 1052 5225 separare
1062 5156 1190 5209 volumus
1203 5163 1231 5210 ct
1243 5154 1344 5207 1111113.
1426 5154 1450 5209 cx
1472 5161 1586 5224 quaerat
1596 5155 1621 5208 3.
1702 5156 1731 5219 d}
1750 5157 1896 5227 imperium
1905 5158 1929 5211 3.

271 5261 301 5299 ιο
320 5237 346 5303 e]
369 5235 601 5306 ito33dcest1.2.
661 5235 689 5304 f)-
711 5236 755 5290 vel
769 5237 870 5306 quibus
883 5236 969 5289 om.3.
1030 5236 1059 5306 gi
1081 5236 1147 5306 quia
1157 5235 1211 5288 12.
1274 5234 1303 5289 uss.
1319 5234 1347 5287 iu
1361 5234 1441 5288 nobis
1451 5235 1507 5288 12.
1568 5235 1589 5305 ij
1606 5236 1666 5290 ets.
1728 5236 1757 5303 k}
1771 5238 1897 5292 volumus
1905 5238 1930 5291 3.

320 5317 342 5388 1)
365 5317 494 5389 qualeae.
508 5316 661 5371 debeant3.
1910 5307 1912 5311 ’

423 5553 452 5625 l)
474 5554 501 5607 2.
518 5553 657 5623 Timet.
738 5553 768 5624 2)
789 5553 947 5625 Potomia,
961 5553 1005 5606 17.

374 5666 417 5706 Ha·
434 5665 617 5706 carnumu
634 5665 653 5705 Ι.
