4380 6248
780 357 1019 415 APPENDIcns
1040 356 1215 415 SECUNDA
1237 359 1287 413 ET
1308 359 1458 416 TERTIA.
1867 355 1930 421 449

417 539 465 603 29.
506 535 554 601 De
574 535 757 617 heribanno,
778 543 814 600 ut
832 535 999 619 diligenter
1020 535 1184 618 inquirant
1204 536 1302 599 missi.
1343 533 1406 611 Qui
1427 534 1550 598 hostem
1571 534 1673 598 facere
1696 536 1799 618 potuit
1819 542 1850 598 et
1869 554 1934 598 uon

322 641 400 719 lecit,
424 639 570 703 bannum
597 644 742 702 nostrum
771 642 940 721 componat
965 638 991 700 si
1020 635 1113 701 habet
1141 637 1226 701 unde
1252 656 1440 721 componere
1465 638 1579 720 possit3
1600 645 1632 700 et
1652 638 1679 700 si
1701 657 1765 700 non
1789 636 1936 700 habuerit

322 743 403 807 unde
427 760 605 825 conponere
637 740 751 820 valeat,
778 739 985 803 rewadiatum
1014 738 1070 802 fiat
1093 745 1124 803 et
1150 739 1364 804 inbreviatum
1392 745 1423 803 et
1451 739 1528 802 nihil
1555 758 1595 802 ex
1625 739 1683 802 hoc
1709 747 1857 802 exactum
1879 739 1935 802 fiat

320 863 421 928 usque
442 843 519 907 dum
541 842 581 906 ad
601 843 748 905 notitiam
768 841 877 905 domni
898 842 1096 924 imperatoris
1118 843 1231 905 veniat

289 967 308 1007 a
418 947 465 1011 30.
506 944 662 1009 Herisliz⁸
684 945 740 1027 qui
759 943 878 1007 factum
899 942 1017 1007 habent
1039 963 1096 1027 per
1113 943 1315 1008 fideiussores
1337 946 1511 1008 mittantur.

418 1050 465 1114 31.
507 1045 555 1111 De
575 1045 737 1112 beneficiis
758 1045 927 1110 destructis
949 1053 980 1109 et
1000 1045 1091 1109 alode
1110 1051 1293 1109 restaurata

417 1151 464 1215 32.
506 1147 554 1213 De
574 1148 662 1213 freda
683 1147 848 1231 exigenda.
1391 1151 1393 1155 ’

417 1253 464 1318 33.
506 1249 554 1315 De
574 1251 793 1315 materiamine
813 1249 853 1313 ad
876 1268 975 1314 naves
995 1249 1183 1314 faciendum.
1257 1304 1259 1306 .

421 1356 469 1420 34.
510 1352 544 1418 Si
565 1353 682 1436 aliquis
702 1352 787 1417 Saxo
809 1352 971 1416 hominem
992 1352 1253 1436 conprehenderit
1274 1353 1395 1436 absque
1416 1353 1500 1417 furto
1520 1359 1576 1417 aut
1596 1352 1718 1437 absque
1739 1374 1798 1418 sua
1811 1357 1937 1438 propria

269 1457 424 1541 :antiqua
443 1475 488 1536 re,
509 1456 618 1520 dicens
640 1454 726 1539 quod
745 1455 792 1517 illi
813 1453 926 1517 habeat
947 1453 1101 1517 damnum
1114 1454 1242 1534 factum,
1263 1460 1294 1519 et
1314 1455 1373 1518 hoc
1394 1455 1583 1519 contendere
1603 1455 1747 1536 voluerit,
1767 1458 1800 1519 in
1818 1457 1936 1521 iudicio

319 1560 428 1624 autin
448 1577 559 1641 campo
581 1558 659 1620 autb
679 1557 719 1620 ad
740 1558 888 1620 crucemb
917 1556 1076 1620 licentiam
1106 1555 1234 1635 habeat3
1264 1558 1290 1620 si
1313 1575 1387 1620 vero
1412 1557 1471 1620 hoc
1491 1557 1638 1637 noluerit,
1659 1577 1734 1621 cum
1755 1560 1823 1622 suis
1852 1560 1936 1623 iura-

319 1661 439 1725 toribus
477 1662 545 1744 ipse
578 1658 659 1722 liber
687 1659 782 1723 homo
814 1677 848 1722 se
882 1659 1024 1723 idoniare
1050 1658 1150 1722 faciat
1197 1658 1291 1722 Etsi
1320 1678 1448 1722 servum
1480 1659 1651 1724 cuiuslibet
1676 1660 1798 1745 absque
1828 1662 1936 1745 aliqua

319 1762 561 1847 conprobatione
582 1761 858 1845 conprehenderit,
879 1763 947 1844 ipse
969 1781 1081 1825 servus
1095 1770 1150 1824 aut
1164 1762 1204 1824 ad
1225 1781 1339 1845 aquam
1357 1761 1530 1825 ferventem
1552 1767 1608 1825 arat
1628 1763 1667 1825 ad
1681 1763 1767 1826 aliud
1779 1764 1936 1828 iudicium

319 1885 351 1930 se
372 1865 513 1928 idoniare
530 1863 632 1927 iaciat

282 1986 307 2026 a
415 1968 463 2032 35.
505 1965 539 2030 Si
560 1966 676 2049 aliquis
697 1966 781 2030 Saxo
801 1965 939 2030 caballos
960 1967 993 2029 in
1017 1985 1076 2029 sua
1098 1984 1201 2029 messe
1223 1967 1381 2029 invenerit
1407 1973 1439 2029 et
1458 1967 1544 2049 ipsos
1565 1966 1702 2030 caballos
1723 1968 1798 2031 inde
1819 1967 1935 2031 ducere

317 2089 372 2153 pro
394 2089 453 2134 suo
474 2068 590 2131 damno
611 2068 650 2131 ad
672 2067 932 2151 conprobandum
955 2068 1097 2147 voluerit,
1126 2069 1153 2132 si
1180 2070 1253 2151 quis
1282 2068 1362 2132 liber
1388 2069 1481 2132 homo
1503 2068 1561 2131 hoc
1582 2070 1610 2132 ei
1633 2069 1858 2132 contradixerit
1880 2075 1936 2133 aut

318 2171 445 2255 aliquod
466 2171 725 2254 malumprohoc
744 2171 860 2249 fecerit,
880 2170 973 2254 tripla
1002 2172 1217 2254 conpositione
1243 2169 1421 2233 secundum
1441 2170 1542 2253 legem
1564 2178 1595 2233 et
1615 2171 1790 2235 secundum
1812 2184 1934 2235 ewam⁰

318 2282 425 2337 contra
446 2293 520 2337 eum
547 2273 715 2337 emendare
741 2273 865 2336 studeat
890 2278 922 2336 et
942 2274 1073 2356 insuper
1093 2271 1236 2335 bannum
1257 2272 1451 2334 dominicum
1475 2271 1589 2349 solvat,
1619 2280 1651 2335 et
1672 2293 1803 2336 manum
1824 2275 1936 2357 perdat
1977 2311 1982 2320 ·

317 2395 372 2459 pro
395 2395 432 2440 eo
454 2375 537 2459 quod
560 2375 765 2439 inoboediens
785 2375 847 2439 fuit
869 2381 980 2439 contra
1000 2383 1201 2458 praeceptum
1224 2374 1332 2437 domni
1354 2376 1561 2457 imperatorie,
1582 2375 1666 2458 quod
1690 2377 1759 2458 ipse
1780 2396 1837 2459 pro
1859 2397 1934 2460 pace

283 2486 454 2543 nstamere
475 2479 575 2542 iussit.
618 2477 652 2541 si
683 2497 796 2541 servus
820 2477 879 2540 hoc
897 2477 1020 2558 iecerit,
1047 2476 1223 2541 secundum
1246 2496 1336 2539 suam
1359 2475 1459 2553 legem
1483 2477 1589 2539 omnia
1617 2478 1651 2539 in
1687 2478 1816 2561 triplum
1845 2481 1935 2542 resti-

317 2589 385 2644 tuat
406 2589 437 2644 et
458 2580 642 2663 disciplinae
663 2580 814 2663 corporali
838 2579 1007 2642 subiaceat

417 2683 464 2748 36.
507 2681 709 2765 Quicumque
738 2681 817 2745 liber
844 2683 938 2745 homo
964 2684 1115 2746 inventus
1140 2681 1236 2745 fuerit
1261 2701 1345 2745 anno
1374 2687 1537 2765 praesente
1564 2702 1638 2745 cum
1669 2684 1792 2746 seniore
1818 2702 1876 2746 suo
1899 2686 1932 2747 iu

317 2785 406 2849 hoste
427 2805 489 2848 non
510 2785 618 2859 fuisse,
640 2785 771 2870 plenum
794 2784 1017 2848 heiribannum
1039 2784 1217 2868 persolvere
1237 2789 1376 2867 cogatur.
1419 2783 1507 2847 Etsi
1528 2785 1634 2847 senior
1654 2784 1704 2847 vel
1726 2804 1832 2849 comes
1858 2804 1932 2850 eum

318 2888 402 2951 domi
424 2888 552 2965 dimisit,
572 2889 639 2971 ipse
659 2907 715 2970 pro
736 2906 773 2950 eo
795 2886 932 2950 eundem
947 2885 1171 2950 heiribannum
1186 2887 1357 2969 persolvat;
1379 2893 1410 2949 et
1418 2893 1464 2949 tot
1478 2885 1643 2949 heribanni
1654 2886 1693 2949 ab
1706 2906 1742 2950 eo
1756 2889 1935 2970 exigantur,

283 3007 307 3048 n
318 2999 395 3074 quot
416 2990 561 3052 homines
582 2989 667 3051 domi
689 2989 815 3051 dimisit
857 2987 899 3051 Et
921 2990 997 3071 quia
1027 3008 1086 3051 nos
1106 3008 1190 3052 anno
1211 2995 1375 3071 praesente
1395 2990 1571 3072 unicuique
1592 2990 1708 3052 seniori
1730 2989 1810 3053 duos
1835 2991 1936 3053 homi-

318 3111 382 3170 nes,
404 3111 485 3174 quos
506 3090 589 3153 domi
613 3091 798 3169 dimitteret,
819 3093 1050 3169 concessimus
1071 3091 1142 3154 illos
1158 3091 1308 3154 volumus
1328 3099 1364 3154 ut
1384 3092 1490 3154 missis
1510 3092 1626 3154 nostris
1652 3091 1835 3172 ostendant,
1857 3095 1933 3176 quia

317 3195 365 3257 hie
384 3193 605 3257 tantummodo
627 3193 850 3256 heiribannum
874 3194 1098 3256 concessimus

417 3296 465 3361 37.
508 3295 550 3359 Ut
572 3296 840 3379 quandocumque
863 3296 1027 3378 navigium
1050 3296 1173 3357 mittere
1193 3294 1357 3373 volumus,
1385 3296 1444 3378 ipsi
1473 3296 1613 3358 seniores
1644 3296 1677 3358 in
1700 3297 1776 3379 ipsis
1797 3296 1934 3361 navibus

316 3407 448 3483 pergant
468 3406 500 3461 et
521 3398 559 3460 ad
584 3399 643 3461 hoc
662 3399 727 3461 sint
746 3399 930 3481 praeparati.

278 3522 304 3563 ao
417 3503 464 3567 38.
506 3499 624 3563 llurta‘¹
649 3507 679 3563 et
706 3502 825 3564 iniusta
847 3499 1006 3563 connubia
1030 3519 1154 3562 necnon
1177 3505 1208 3562 et
1227 3498 1307 3562 falsa
1326 3500 1521 3578 testimonia,
1537 3501 1619 3563 sicut
1634 3519 1726 3583 saepe
1741 3502 1934 3585 rogavimus,

317 3603 481 3689 prohibete
500 3603 675 3686 diligenter,
697 3604 778 3666 sicut
799 3611 830 3666 et
850 3600 981 3665 Domini
1003 3602 1055 3665 lex
1076 3601 1226 3685 prohibet

317 4037 431 4111 Item⁰
455 4039 618 4136 capitula
643 4039 848 4137 principum
878 4039 1257 4138 praeclarissimorum
1281 4040 1535 4112 ecclesiastica
1557 4041 1667 4113 sirmii
1688 4059 1725 4113 et
1746 4041 1934 4115 mundana

368 4160 493 4233 domni
523 4159 735 4233 Hludowici
766 4161 912 4260 augusti
942 4162 995 4232 et'
1028 4160 1214 4233 Hlotharii
1243 4163 1440 4255 caesaries,
1470 4188 1566 4258 quae
1592 4163 1881 4261 suprascriptam

847 4283 1018 4355 videntur
1044 4282 1183 4355 habere
1210 4283 1401 4356 rationem.

279 4480 305 4520 n
418 4461 442 4518 1.
484 4454 677 4518 Benedictus
698 4456 737 4519 de
757 4476 817 4520 sua
838 4456 1060 4520 reclamatione
1081 4455 1114 4517 in
1135 4460 1325 4538 perpetuum
1347 4456 1445 4518 sileat.

417 4559 444 4620 2.
485 4555 534 4620 De
554 4577 665 4620 manso
688 4576 782 4640 quem
805 4557 1009 4622 Gehirhedus
1029 4558 1195 4640 episcopus
1216 4577 1235 4619 a
1256 4555 1397 4640 Liutrigo
1425 4560 1539 4621 comite
1567 4559 1712 4641 requirit:
1736 4567 1773 4622 ut
1793 4559 1819 4622 si
1840 4560 1930 4622 missi

318 4659 416 4721 nostri
440 4660 620 4722 invenerint
641 4680 714 4722 eum
734 4660 888 4724 iustitiam
910 4659 1033 4738 habere,
1055 4679 1119 4722 non
1140 4661 1324 4742 permittant
1346 4657 1522 4742 Liutrigum
1544 4679 1600 4743 per
1618 4662 1803 4724 vestituram
1822 4660 1931 4724 domni

316 4758 425 4823 Karoli
447 4761 600 4824 iustitiam
621 4763 690 4825 eius
710 4763 871 4846 impedire.

417 4864 445 4926 3.
486 4859 534 4925 De
554 4862 669 4926 foreste
690 4884 787 4946 quam
805 4865 982 4927 Autharius
1002 4883 1106 4927 comes
1127 4864 1242 4927 habere
1262 4863 1342 4942 vult,
1363 4862 1419 4926 ubi
1439 4882 1476 4926 ea
1496 4864 1586 4947 prius
1602 4883 1667 4927 non
1687 4863 1786 4927 fuisse
1801 4864 1932 4927 dicitur:

277 4990 305 5029 ro
318 4964 467 5027 volumus
496 4971 533 5027 ut
558 4966 647 5027 missi
676 4967 774 5029 nostri
805 4967 849 5029 rei
879 4967 1040 5029 veritatem
1071 4967 1234 5047 inquirant
1261 4972 1292 5028 et
1316 4966 1408 5028 iuxta
1435 4965 1520 5048 quod
1541 4967 1661 5028 iustum
1689 4967 1869 5029 invenerint
1891 4985 1933 5029 ex

318 5072 425 5129 nostra
447 5068 631 5130 auctoritate
650 5067 811 5130 definiant.

417 5252 445 5319 a)
466 5251 594 5306 heriscliz
606 5254 666 5309 cod.
684 5253 782 5305 Banrb.
854 5253 882 5321 b)
912 5254 1009 5308 autad
1026 5270 1136 5308 crucem
1151 5253 1233 5306 omitt.
1250 5255 1312 5309 cod.
1329 5253 1396 5308 Par.
1404 5253 1482 5307 9654
1500 5263 1526 5308 et
1544 5252 1759 5324 vacentem,
1776 5256 1829 5320 cfr.
1847 5273 1933 5327 supra

312 5330 453 5402 puplii),
465 5349 488 5385 c.
498 5330 545 5384 27.
609 5331 635 5402 c)
657 5349 765 5398 eoum,
780 5350 851 5386 corr.
868 5351 966 5387 aunam
981 5341 1101 5403 etrapw
1111 5332 1157 5388 lm.
1170 5333 1198 5386 id
1211 5332 1352 5404 astiagem
1364 5334 1535 5388 cod.Hcmb.
1596 5333 1626 5400 d)
1647 5334 1738 5387 Locuoe
1750 5334 1933 5407 harimcapitia

317 5413 377 5466 eod.
387 5412 453 5467 Par.
460 5410 557 5466 10758
562 5413 641 5482 ponit
651 5422 733 5483 captat
743 5431 828 5484 snpra
838 5432 903 5484 pop.
910 5412 977 5482 334,
989 5431 1010 5467 c.
1017 5412 1040 5486 8,
1049 5414 1158 5466 editum.
1220 5411 1249 5482 e)
1274 5413 1380 5468 Tabite
1389 5415 1546 5485 amendabat
1556 5414 1678 5486 capitulo
1689 5416 1785 5468 meat
1795 5415 1824 5467 in
1832 5417 1933 5470 codici·

276 5499 305 5540 m
317 5492 476 5559 motuum,
488 5494 528 5546 ito
540 5493 597 5545 Μαι
608 5493 696 5547 Pane.
706 5493 794 5559 4638,
808 5493 895 5562 9654,
915 5492 1020 5563 18239,
1039 5493 1097 5547 Vnt.
1116 5491 1353 5564 patestatem,
1370 5494 1426 5548 Vct.
1441 5494 1581 5563 (hessi,
1597 5494 1656 5548 Vol.
1666 5493 1754 5564 4159,
1772 5494 1933 5568 onerate,

315 5571 429 5628 Moeno.
439 5571 527 5642 3853,
546 5571 640 5627 Goth·-
657 5572 846 5643 Weissenoap,
864 5574 983 5627 Bar-roth
1002 5573 1066 5627 olim
1079 5572 1205 5626 Leocrati
1306 5571 1331 5647 s)
1352 5581 1381 5631 ct
1397 5573 1493 5631 Hlotln
1511 5593 1581 5632 caes
1601 5575 1934 5631 minocentaurum

317 5652 411 5707 chuni
425 5649 521 5707 (pope.
534 5652 592 5706 Vct.
604 5652 666 5707 Pol.
674 5652 741 5723 583,
762 5653 820 5707 Vct·
832 5652 971 5711 ceam.
