4380 6248
266 358 328 424 406
821 360 995 416 ANSEGISI
1016 359 1310 418 CAPITULARIUM

267 539 492 602 canonicorum
513 543 544 601 θῖ
565 539 790 601 canonicarum
804 556 973 620 congerere
987 543 1019 600 et
1031 537 1191 601 canonicis
1204 536 1255 600 vel
1275 534 1570 599 sanctimonialibus
1591 533 1782 599 servandam
1803 553 1881 599 con-

267 639 402 721 tradere,
431 647 467 703 ut
492 659 548 723 per
573 658 643 704 eam
667 640 840 703 canonicus
869 639 944 702 ordo
971 638 1093 723 absque
1118 637 1324 723 ambiguitate
1351 639 1450 721 possit
1478 639 1606 701 servari
1659 635 1702 700 Bt
1725 639 1884 720 qnoniam

267 742 354 806 illam
375 762 463 807 sacer
483 747 660 807 conventus
681 743 726 806 ita
745 743 840 806 etiam
861 740 1010 806 laudibus
1032 740 1162 821 extulit,
1189 746 1350 824 utusque
1370 739 1411 804 ad
1435 759 1538 803 unum
1560 741 1626 804 iota
1646 738 1883 805 observandam

268 851 479 929 percenseret,
509 845 679 908 statuimus
709 849 748 908 nt
777 843 816 907 ab
845 842 995 907 omnibus
1019 845 1055 907 in
1086 843 1197 908 eadem
1221 841 1416 926 professione
1448 841 1636 926 degentibus
1661 840 1886 906 indubitanter

269 952 414 1011 teneatur
433 953 464 1011 et
485 946 587 1010 modis
607 945 757 1010 omnibus
778 946 845 1009 sive
866 964 885 1008 a
904 946 1066 1009 canonicis
1084 946 1151 1010 sive
1172 943 1496 1009 asauctimonialibus
1516 945 1668 1009 canonice
1688 943 1882 1028 degentibus
1898 968 1913 1008 ε

270 1049 418 1132 deinceps
438 1048 631 1113 observetur.
1417 1127 1420 1131 Α

371 1153 421 1217 80.
462 1150 512 1214 De
533 1147 825 1213 malesuasae
850 1146 1038 1213 dividendis.
1079 1148 1239 1214 Statutnm
1261 1154 1385 1228 estut,
1412 1148 1565 1233 quicquid
1588 1156 1731 1232 tempore
1757 1149 1887 1232 imperii

270 1256 368 1318 nostri
391 1275 410 1317 a
429 1253 577 1317 fidelibus
594 1253 743 1317 ecclesiae
764 1257 876 1336 sponte
888 1251 1050 1316 conlatum
1060 1250 1171 1332 luent,
1192 1252 1227 1315 in
1248 1248 1415 1315 ditioribus
1434 1250 1512 1314 locis
1530 1249 1612 1314 duas
1626 1257 1733 1335 partes
1752 1252 1788 1314 in
1804 1270 1888 1315 usus

270 1375 460 1440 pauperum,
480 1356 604 1419 tertiam
624 1357 658 1418 in
680 1354 836 1438 stipendia
855 1354 965 1418 cedere
983 1353 1169 1418 clericorum
1190 1359 1247 1417 ant
1266 1353 1510 1432 monachorum,
1535 1354 1569 1416 in
1596 1346 1778 1418 minoribus
1804 1372 1887 1418 vero

271 1458 347 1522 locis
368 1476 469 1541 aeque
489 1459 572 1520 inter
592 1457 713 1521 clerum
734 1463 765 1521 et
784 1454 1015 1541 paupereslore
1031 1455 1252 1535 dividendnm3
1275 1456 1337 1520 nisi
1351 1455 1430 1519 forta
1452 1454 1662 1536 adaton'bus,
1682 1454 1740 1518 nbi
1762 1457 1889 1540 specia-
1904 1484 1929 1523 ιθ

272 1560 343 1623 liter
362 1559 484 1623 dandae
505 1560 585 1639 sint,
605 1560 816 1623 constitutum
835 1558 940 1622 fuerit

372 1663 419 1727 81.
460 1660 509 1724 De
529 1659 691 1723 abbatebus
711 1658 870 1740 elipandis.
912 1659 1142 1724 Menaenorum
1169 1660 1328 1744 siquidem
1355 1679 1500 1735 causmn,
1530 1659 1666 1743 qualiter
1685 1657 1755 1724 Deo
1782 1662 1890 1744 opitu-

274 1763 359 1826 lante
378 1782 419 1827 ex
439 1767 527 1846 parte
547 1763 815 1846 disposuerimus,
840 1768 872 1826 et
899 1761 1057 1845 quomodo
1078 1781 1120 1826 ex
1145 1781 1179 1827 se
1203 1763 1282 1846 ipsis
1311 1761 1372 1825 sibi
1399 1761 1535 1846 eligendi
1564 1761 1693 1827 abbatas
1723 1763 1888 1827 licentiam

275 1865 455 1929 dederimus
481 1871 511 1928 et
537 1865 672 1948 qualiter
697 1862 765 1928 Deo
791 1863 965 1948 opitulante
993 1865 1092 1948 quieti
1118 1866 1224 1928 vivere
1252 1865 1512 1948 propositumque
1541 1863 1691 1930 indefessi
1720 1865 1888 1929 custodire

274 1967 415 2031 valerent
432 1967 698 2045 ordinaverimus
725 1967 760 2029 in
781 1966 843 2030 alia
863 1965 993 2031 scedula
1013 1965 1180 2050 diligenter
1200 1965 1343 2030 adnotari
1365 1966 1513 2045 lecimns;
1540 1972 1572 2031 et
1591 1973 1629 2031 ut
1648 1966 1734 2052 apud
1757 1986 1887 2031 succes·
1900 1993 1927 2034 u

275 2088 362 2133 sores
380 2075 504 2132 nostros
525 2075 631 2131 ratum
651 2067 731 2132 foret
751 2075 783 2133 et
803 2068 1027 2132 inviolabiliter
1046 2075 1301 2148 conservaretur,
1322 2067 1593 2133 confirmavimus.

375 2173 424 2237 82.
466 2170 515 2234 De
539 2169 737 2233 ordinatione
763 2187 930 2233 scemam.
976 2168 1024 2234 De
1058 2189 1222 2234 servorum
1253 2189 1328 2235 vero
1362 2170 1570 2251 ordinatione,
1603 2172 1660 2254 qui
1688 2173 1811 2256 passim
1845 2173 1886 2236 ad

275 2273 393 2358 gradvm
414 2273 639 2338 ecclesiasticos
668 2272 835 2336 indiscrete
861 2270 1146 2356 promovebantur,
1174 2271 1292 2356 placuit
1317 2271 1467 2337 omnibus
1487 2292 1562 2336 cum
1584 2275 1682 2338 sacris
1702 2274 1883 2339 canonibus

275 2376 465 2440 concordare
487 2375 614 2454 debere3
635 2382 667 2438 et
686 2379 840 2438 statutum
861 2380 922 2454 est,
943 2380 981 2437 nt
1000 2373 1110 2437 nullus
1129 2374 1348 2457 episcoporum
1369 2375 1517 2460 deinceps
1537 2394 1593 2440 eos
1612 2375 1653 2440 ad
1674 2396 1783 2441 sacros
1802 2377 1888 2440 ordi·

275 2497 333 2542 nes
358 2496 542 2562 promovere
571 2484 764 2561 praesumat,
795 2477 858 2539 nisi
882 2476 972 2559 prius
1000 2495 1019 2539 a
1044 2475 1182 2539 dominis
1209 2477 1343 2560 propriis
1367 2475 1545 2541 libertatem
1569 2480 1733 2544 consecuti
1758 2479 1926 2545 fuerintve

275 2578 317 2643 Et
338 2581 364 2643 si
386 2579 518 2663 quilibet
536 2599 649 2644 servus
670 2579 836 2642 dominum
858 2576 1104 2661 suumlngiens‚
1125 2584 1181 2641 aut
1201 2577 1329 2643 latitans
1349 2585 1405 2643 aut
1425 2579 1574 2644 adhibitis
1593 2580 1730 2645 testibus
1750 2601 1886 2647 munere

276 2682 440 2745 conductis
457 2681 507 2746 vel
528 2682 684 2766 corruptis
704 2686 760 2745 aut
781 2679 921 2764 qualibet
940 2679 1109 2744 calliditate
1129 2680 1180 2745 vel
1199 2680 1323 2760 fraude,
1352 2680 1392 2745 ad
1416 2682 1536 2765 gradus
1561 2682 1791 2748 ecclesiasticos
1816 2704 1889 2768 per·

276 2785 413 2864 venerit,
440 2783 602 2848 decretum
620 2790 669 2848 est
689 2790 724 2847 ut
743 2783 930 2867 deponatm,
958 2789 989 2846 et
1009 2782 1158 2846 domiuus
1183 2783 1253 2847 eius
1279 2802 1354 2847 eum
1381 2784 1518 2868 recipiat
1562 2783 1597 2849 Si
1622 2803 1698 2848 vero
1727 2804 1810 2849 avus
1835 2787 1886 2850 vel

276 2892 365 2970 pater
384 2885 424 2948 ab
445 2885 506 2949 alia
527 2887 628 2970 patria
647 2887 681 2949 in
702 2885 795 2949 aliam
817 2885 958 2968 migrans
979 2885 1013 2947 in
1033 2884 1144 2949 eadem
1164 2886 1327 2969 provincia
1346 2884 1450 2949 filium
1468 2887 1632 2969 genuerit,
1659 2893 1692 2950 et
1711 2887 1781 2971 ipse
1801 2887 1890 2952 filius

276 2987 394 3052 ibidem
416 2988 569 3052 educatus
589 2987 678 3052 etad
697 2987 816 3071 gradus
835 2986 1062 3051 ecclesiasticos
1082 2995 1246 3070 promotus
1266 2987 1362 3051 fuerit
1380 2995 1411 3052 et
1432 2998 1543 3052 utrum
1562 3007 1675 3053 servus
1700 2991 1742 3053 sit
1762 2990 1929 3074 ignora-aa

278 3091 373 3172 verit,
391 3096 422 3155 et
442 3096 550 3174 postea
569 3090 718 3154 dominus
739 3091 809 3154 eius
829 3090 961 3154 veniens
971 3088 1096 3173 legibus
1106 3108 1182 3153 eum
1192 3089 1392 3173 adquisierit,
1412 3092 1572 3155 sancitum
1592 3097 1641 3155 θεῖ
1659 3097 1714 3172 ut,
1733 3093 1763 3156 si
1787 3092 1890 3157 domi-

277 3212 340 3257 nus
361 3194 430 3257 eius
450 3192 495 3255 illi
515 3191 691 3256 libertatem
711 3192 785 3257 dare
806 3192 952 3272 voluerit,
973 3194 1007 3255 in
1026 3192 1128 3276 gradu
1150 3212 1209 3256 suo
1230 3198 1427 3276 permaneat;
1450 3194 1571 3258 sivero
1591 3211 1668 3258 eum
1687 3200 1802 3259 catena
1822 3215 1889 3260 ser-

276 3295 387 3358 vitutis
409 3296 556 3358 constris
577 3295 745 3358 dominicis
765 3294 929 3359 extrahere
951 3294 1102 3364 voluerit.
1121 3294 1257 3378 gradum
1274 3296 1413 3360 amittat:
1437 3296 1513 3378 quia
1527 3297 1620 3359 iuxta
1632 3315 1740 3361 sacros
1761 3297 1892 3363 ordines

277 3397 350 3461 vilis
370 3416 504 3481 persona
524 3415 658 3460 manens
679 3396 843 3461 sacerdotii
863 3396 1014 3480 dignitate
1039 3397 1131 3479 fungi
1157 3417 1221 3461 non
1244 3403 1350 3480 potest
1397 3396 1445 3461 De
1465 3397 1562 3462 rebus
1587 3417 1662 3462 vero
1683 3399 1816 3464 illorum
1836 3401 1888 3465 vel

278 3499 434 3582 peculiare
462 3500 518 3583 qui
545 3518 564 3562 a
588 3501 723 3583 propriis
748 3499 885 3563 dominis
914 3498 1057 3563 libertate
1084 3499 1259 3581 donantur,
1292 3506 1327 3564 ut
1350 3499 1390 3563 ad
1414 3500 1533 3584 gradus
1561 3501 1792 3566 ecclesiasticos
1816 3503 1932 3567 iurene

278 3608 535 3685 promoveantur,
557 3606 712 3666 statutum
733 3612 796 3682 θεῖ,
816 3608 853 3665 ut
872 3602 906 3665 in
927 3606 1078 3686 potestate
1098 3602 1300 3666 dominorum
1315 3604 1481 3682 consistat,
1502 3608 1612 3666 nutam
1625 3602 1689 3668 illis
1711 3605 1888 3670 concedere

278 3723 318 3766 an
341 3703 401 3767 sibi
421 3703 582 3768 vindicare
603 3703 717 3782 velint;
739 3710 879 3767 ceterum
900 3705 1015 3787 sipost
1035 3704 1263 3769 ordinationem
1284 3704 1405 3788 aliquid
1425 3704 1649 3788 adquisierint,
1673 3705 1756 3769 illud
1777 3706 1892 3772 obser-

280 3812 372 3870 vetur
392 3805 476 3889 quod
497 3807 530 3869 in
551 3805 726 3869 canonibus
737 3806 777 3870 de
788 3808 976 3870 consecratis
989 3806 1269 3871 mhilhabentibus
1279 3809 1488 3871 constitutum
1509 3814 1565 3871 est
1607 3806 1655 3872 De
1677 3809 1888 3874 ecclesiarmn

279 3926 354 3971 vero
375 3909 475 3971 servis
495 3909 658 3972 communi
686 3909 841 3972 sententia
867 3907 1028 3972 decretum
1053 3916 1116 3990 est,
1142 3916 1179 3973 ut
1204 3909 1430 3994 archiepiscopi
1456 3928 1512 3993 per
1538 3910 1681 3994 singulas
1707 3911 1891 3994 provincias

279 4010 442 4073 constituti
464 4015 605 4073 nostram
625 4011 857 4090 auctoritatem,
876 4009 1066 4093 suffraganei
1078 4030 1153 4076 vero
1163 4011 1292 4075 illomm
1302 4011 1464 4095 exemplar
1475 4012 1563 4078 illius
1573 4031 1670 4097 penes
1690 4033 1725 4078 se
1740 4013 1890 4079 habeant
1903 4034 1931 4074 aa

279 4109 320 4174 Et
341 4111 608 4196 quandocumque
628 4111 667 4176 de
687 4110 806 4174 familia
826 4111 976 4176 ecclesiae
997 4112 1085 4176 utilis
1103 4115 1255 4178 inventus
1266 4113 1382 4197 aliquis
1402 4113 1675 4196 ordinandusest,
1696 4117 1731 4180 in
1753 4117 1891 4182 ambone

279 4213 348 4297 ipsa
367 4215 537 4278 auctoritas
558 4233 662 4277 coram
689 4214 805 4297 populo
826 4214 960 4298 legatur,
987 4219 1018 4279 et
1042 4234 1148 4279 coram
1176 4213 1390 4280 sacerdotibus
1415 4216 1468 4281 vel
1494 4236 1600 4281 coram
1627 4217 1778 4283 fidelibus
1800 4219 1891 4283 laicis

280 4320 353 4379 ante
376 4334 477 4379 cornu
501 4315 620 4395 altaris,
653 4317 736 4379 sicut
763 4316 797 4379 in
828 4324 936 4380 nostra
963 4319 1147 4382 auctoritate
1176 4319 1369 4390 continetur.
1396 4326 1517 4383 remota
1543 4319 1683 4403 qualibet
1709 4320 1891 4397 calliditate,

279 4415 454 4481 libertatem
476 4423 687 4501 consequatur
707 4422 738 4482 et
758 4424 836 4482 tunc
860 4419 990 4483 demum
1015 4419 1055 4483 ad
1075 4421 1193 4503 gradus
1213 4421 1440 4486 ecclesiasticos
1464 4429 1694 4505 promoveatur.
1736 4422 1891 4488 Similiter

281 4538 408 4602 quoqne
428 4519 466 4583 de
487 4519 537 4582 his
557 4519 717 4602 agendum
733 4527 795 4600 est,
816 4540 897 4604 quos
917 4521 989 4584 laici
1010 4522 1049 4586 de
1069 4522 1188 4586 familia
1201 4523 1406 4588 ecclesiarum
1428 4523 1469 4587 ad
1490 4543 1596 4588 sacros
1614 4523 1743 4588 ordines
1765 4545 1927 4609 promo-o

281 4640 353 4685 vere
372 4621 545 4700 voluerint3
573 4622 628 4685 sed
649 4628 680 4686 et
701 4623 740 4687 de
759 4623 808 4686 his
829 4642 909 4706 quos
929 4625 1096 4707 praepositi
1118 4626 1344 4689 canonicorum
1365 4631 1421 4689 aut
1442 4626 1670 4689 monachorum
1692 4625 1889 4690 ordinandos

280 4725 489 4807 expetiverint
508 4723 616 4788 eadem
639 4724 741 4788 forma
759 4724 912 4788 servande
933 4730 991 4788 θεῖ

382 4826 429 4891 83.
471 4822 520 4888 De
544 4827 703 4905 personis,
733 4846 754 4888 a
778 4825 894 4906 quibus
917 4843 981 4889 aaa
1005 4829 1083 4889 atat
1105 4847 1156 4890 res
1183 4827 1391 4909 occipieradoe.
1439 4829 1600 4894 Statutum
1627 4834 1688 4909 est,
1717 4837 1756 4894 ut
1780 4831 1892 4896 nullus

282 4927 415 5010 quilibet
435 4927 666 4993 ecclesiasticus
686 4929 725 4992 ab
751 4929 801 4992 his
822 4930 965 5013 personis
991 4948 1042 4994 res
1069 4930 1217 5015 deinceps
1246 4932 1387 5015 accipere
1408 4937 1605 5015 praesumat,
1631 4951 1772 5015 quarum
1801 4932 1891 4997 liberi

280 5035 336 5092 aut
356 5031 525 5113 propinqui
546 5031 604 5094 hac
632 5030 811 5095 inconsulta
837 5029 993 5095 oblatione
1019 5034 1141 5115 possint
1170 5052 1277 5096 rerum
1302 5033 1500 5116 propriarum
1527 5031 1722 5096 exheredari.
1767 5032 1890 5111 Quodsi
1903 5060 1927 5101 a

281 5129 398 5213 aliquis
419 5131 565 5217 deinceps
584 5134 644 5196 hoc
664 5133 766 5197 facere
786 5135 997 5217 temptaverit,
1018 5154 1037 5197 a
1057 5134 1191 5198 sinodali
1202 5133 1252 5198 vel
1268 5134 1424 5218 imperiali
1434 5134 1591 5198 sententia
1611 5133 1715 5198 modis
1736 5135 1890 5201 omnibus

281 5231 432 5295 leriatur.⁸

381 5337 429 5401 84.
470 5332 520 5398 De
536 5335 724 5417 presbyteris
742 5335 974 5402 wretitacradia
1015 5337 1175 5403 Statutnm
1198 5346 1261 5418 est,
1287 5346 1324 5402 nt
1349 5340 1418 5402 sine
1444 5339 1630 5403 anctoritate
1658 5338 1710 5403 vel
1732 5359 1891 5405 consensu

381 5553 410 5619 a)
429 5555 1143 5631 Nmuuaoaaaaeausoaaaersappuaaoa
1156 5545 1670 5632 commemoraremus
1686 5559 1801 5631 εεθη,
1814 5560 1891 5631 με

284 5634 1349 5711 Αωῳὺωθενμορῖίθθεθθοάἰθὺ,αιίωωωη]θσῦ,ατοῖθάθθῖωοωίσίῖ.
1386 5636 1808 5713 esaeapropapasediaao.
1897 5662 1927 5709 a
