4380 6248
827 370 974 427 KAROLI
995 371 1120 428 MAGNI
1143 372 1411 432 CAPITULARIA.

344 731 888 844 36·41.SYNODUS
918 734 1014 843 ΕΤ
1045 733 1192 844 (1οΝ
1199 735 1502 847 VENTUS
1529 737 1894 848 EXEUNTE

523 893 634 1002 AN
636 892 691 1000 N
695 892 743 1003 Ο
775 899 864 1003 802
894 894 1377 1026 AQUISGRANI
1406 896 1712 1061 HABITA.

416 1084 464 1165 In
485 1100 657 1165 anticlides
666 1101 993 1165 Icnrcsbammwibrw
1008 1100 1054 1163 ad
1065 1124 1182 1164 incircum
1195 1103 1256 1167 802
1270 1101 1452 1183 referuntur
1465 1103 1556 1167 baec:
1577 1104 1617 1167 Et
1629 1123 1737 1168 meuse
1749 1103 1921 1167 Octimbn‘o

315 1210 518 1293 congregavit
538 1208 750 1272 universalem
778 1208 938 1289 synodum
960 1209 993 1271 in
1009 1209 1083 1296 iam
1105 1209 1265 1271 nominato
1292 1209 1360 1272 loco
1382 1210 1475 1292 (apud
1497 1212 1602 1292 Aquis
1623 1210 1800 1295 palatium),
1828 1218 1859 1273 et
1879 1212 1921 1275 ibi

279 1311 388 1377 eiecit
408 1313 571 1395 episcopos
596 1331 670 1374 cum
696 1310 888 1394 presbyteris
914 1331 971 1374 seu
997 1310 1181 1374 diaconibus
1207 1310 1303 1394 relegi
1325 1312 1492 1374 universos
1512 1331 1665 1392 canones,
1691 1332 1771 1395 quas
1793 1320 1921 1376 sauctus

315 1413 458 1495 synodus
478 1414 596 1497 recepit
615 1419 647 1477 et
667 1414 790 1477 decreta
814 1412 1015 1496 pontificum,
1044 1419 1075 1476 et
1094 1396 1227 1495 pleniter
1247 1414 1341 1476 iussit
1366 1432 1425 1476 eos
1441 1413 1520 1476 tradi
1545 1433 1648 1476 coram
1672 1413 1821 1478 omnibus
1842 1417 1921 1498 epis·

316 1517 418 1600 copis,
437 1514 629 1600 presbyteris
649 1522 681 1578 et
699 1514 893 1578 diaconibus.
936 1514 1085 1579 Similiter
1098 1515 1132 1576 in
1153 1515 1221 1597 ipso
1242 1515 1364 1595 synodo
1386 1517 1587 1599 congregavit
1607 1518 1774 1580 universos
1795 1515 1923 1581 abbates

315 1625 348 1683 et
366 1618 538 1682 monachos
559 1619 616 1700 qui
636 1616 680 1680 ibi
701 1616 847 1697 aderant,
872 1624 903 1680 et
928 1618 988 1700 ipsi
1009 1618 1092 1679 iuter
1116 1635 1149 1679 sc
1170 1623 1364 1679 conventum
1386 1616 1540 1680 faciebant
1561 1627 1591 1681 et
1616 1618 1760 1701 legerunt
1783 1619 1920 1701 regulam

316 1721 414 1784 sancti
428 1721 526 1803 patris
536 1719 712 1798 Benedicti,
732 1726 763 1783 et
779 1738 848 1782 eam
860 1718 1057 1782 tradideniut
1067 1720 1223 1801 sapientes
1240 1719 1274 1782 in
1288 1725 1457 1802 conspectu
1474 1718 1625 1783 abbatum
1640 1727 1671 1783 et
1685 1722 1921 1784 monachorum.

268 1846 296 1885 ro
315 1821 358 1887 Et
375 1830 453 1886 tunc
473 1823 572 1885 iussio
596 1823 665 1885 eius
689 1821 878 1904 generaliter
903 1840 1000 1904 super
1025 1839 1135 1895 omncs
1161 1820 1509 1905 episcopos,.abbateS,
1535 1821 1752 1905 presbyteros,
1777 1822 1923 1886 diacones

316 1943 373 1989 seu
396 1926 545 1988 universo
574 1923 656 1987 clero
684 1924 765 1987 facta
793 1929 853 1997 est,
880 1933 917 1986 ut
936 1922 1161 2006 unusquisque
1186 1924 1219 1985 in
1249 1923 1316 1986 loco
1341 1925 1433 1986 iuxta
1461 1925 1719 1988 constitutionem
1741 1930 1921 1988 sanctourm

316 2033 441 2110 patrum
463 2027 531 2090 sive
547 2026 580 2089 iu
594 2024 825 2109 episcopatibus
847 2044 904 2088 seu
924 2026 957 2087 in
973 2026 1172 2088 monasteriis
1194 2032 1249 2088 aut
1267 2045 1323 2109 per
1339 2027 1505 2089 universas
1523 2027 1702 2097 ecclaesiae,
1726 2034 1761 2090 ut
1781 2029 1921 2091 canonici

315 2131 405 2193 iuxta
425 2148 562 2193 canones
584 2129 727 2192 viverent
748 2135 779 2192 et
802 2128 953 2211 quicquid
976 2129 1009 2190 in
1031 2128 1114 2191 clero
1135 2129 1242 2191 autin
1263 2128 1379 2212 populo
1401 2129 1440 2192 de
1461 2128 1561 2211 culpis
1582 2136 1637 2192 aut
1659 2129 1697 2192 do
1717 2128 1924 2213 neglegentiis

316 2231 511 2315 apparuerit,
537 2231 627 2294 iuxta
654 2250 814 2293 canonum
843 2231 1025 2293 auctoritato
1053 2230 1273 2293 emendassent
1299 2237 1330 2293 et
1358 2231 1510 2313 quicquid
1538 2231 1570 2293 iu
1592 2233 1791 2294 monasteriis
1812 2251 1868 2295 seu
1890 2235 1921 2295 iu

269 2359 296 2399 n
315 2333 479 2396 monachis
500 2339 609 2396 contra
629 2333 738 2416 regula
759 2332 1041 2396 sanctiBenedicti
1062 2334 1180 2395 lactum
1202 2333 1327 2410 fuisset,
1354 2333 1413 2395 boc
1434 2332 1528 2416 ipsud
1550 2334 1640 2396 iuxta
1659 2333 1761 2415 ipsam
1781 2333 1922 2417 regulam

316 2436 416 2499 saneti
429 2434 592 2499 Benedicti
611 2434 780 2499 emendare
801 2435 956 2498 fecissent
997 2434 1059 2498 Sed
1080 2436 1193 2517 etipse
1209 2435 1378 2516 imperator
1395 2434 1616 2516 interimquod
1638 2435 1744 2517 ipsum
1764 2435 1922 2515 synodum

315 2536 519 2616 factumest,
546 2538 749 2620 congregavit
769 2536 879 2616 duces,
907 2537 1038 2599 comites
1066 2543 1096 2599 et
1116 2536 1238 2618 reliquo
1264 2536 1434 2599 christiano
1461 2535 1576 2619 populo
1598 2555 1670 2598 cum
1694 2536 1923 2619 legislatoribus

315 2638 437 2702 etfacit
456 2658 566 2702 omnes
587 2639 671 2723 leges
693 2640 726 2701 iu
747 2658 844 2722 regno
866 2659 924 2702 suo
945 2639 1007 2722 legi
1034 2645 1065 2703 et
1091 2638 1171 2701 tradi
1194 2639 1369 2720 uuicuique
1390 2638 1510 2701 lmmini
1531 2637 1633 2721 legem
1654 2657 1744 2701 suam
1767 2647 1798 2701 et
1818 2658 1924 2702 emen·

314 2740 389 2803 dare
411 2740 605 2824 ubicumque
625 2760 753 2805 neccsse
773 2741 834 2804 fuit
859 2748 890 2804 et
917 2740 1114 2803 emendatam
1136 2739 1235 2823 legem
1259 2739 1410 2819 scribere,
1436 2746 1466 2803 et
1494 2746 1530 2802 ut
1555 2740 1675 2803 iudices
1695 2759 1751 2823 per
1772 2742 1921 2824 scriptum

268 2872 296 2907 cn
316 2842 509 2907 iudicassent
520 2850 552 2906 et
571 2863 703 2907 munera
725 2863 789 2906 non
811 2844 1019 2925 accepissent,
1044 2843 1097 2906 sed
1110 2862 1220 2905 onmes
1233 2843 1391 2920 homines
1411 2848 1606 2925 paupereset
1625 2841 1754 2921 divites,
1773 2844 1804 2905 in
1826 2863 1923 2926 reguo

315 2964 373 3009 suo
384 2946 538 3009 iustitiam
551 2945 745 3030 habuissent.
787 2943 845 3005 Ad
864 2943 992 3007 candem
1013 2944 1094 3005 hanc
1114 2942 1321 3007 universalem
1344 2943 1496 3027 casnedum
1517 2955 1660 3027 spectare
1679 2943 1825 3007 videratur
1844 2969 1924 3029 quac

315 3049 348 3110 in
369 3046 543 3111 annalibus
563 3048 791 3131 lupae-ensibus
810 3047 983 3108 nrnzbn‘bos
1008 3057 1157 3108 notcntur
1181 3044 1227 3107 ud
1244 3068 1364 3107 annum
1385 3048 1459 3110 801:
1488 3045 1621 3109 Carolus
1639 3047 1809 3128 imperator
1828 3067 1924 3127 syuo-

322 3149 400 3212 dum
421 3150 665 3213 examinationis
686 3150 904 3232 episcoporum
927 3153 958 3210 et
979 3147 1163 3210 clericorum
1184 3148 1257 3210 fecit
1277 3148 1312 3209 in
1333 3148 1438 3229 Aquis
1458 3147 1571 3230 palatio
1592 3167 1701 3211 mense
1722 3147 1921 3212 Novembris

417 3250 474 3313 Ad
492 3250 574 3314 itanc
593 3250 748 3335 modum
769 3274 933 3334 acapnum,
955 3261 1019 3310 tani
1039 3247 1130 3332 aliud
1148 3247 1294 3333 nequities
1313 3272 1408 3332 quarn
1426 3248 1515 3332 opud
1529 3261 1673 3332 posteros
1693 3249 1921 3313 celeberrimum

268 3381 296 3419 as
314 3352 388 3435 (cfr.
405 3352 541 3417 Annibi
557 3355 647 3437 φίει.
665 3355 718 3418 191
742 3352 790 3415 ed.
804 3344 892 3435 ‘leffe
913 3364 942 3415 ct
962 3350 1049 3434 infra
1064 3351 1170 3435 prud.
1193 3350 1239 3412 ud
1257 3352 1353 3434 cupit.
1367 3349 1514 3429 liibnar.)
1528 3353 1687 3434 pertinere
1707 3351 1853 3415 velleretur·
1872 3379 1922 3415 cu-

311 3453 419 3539 pitnla
451 3454 664 3518 eccieccbaticc
694 3453 783 3537 c‘nfra
814 3454 899 3518 edita
932 3452 1089 3537 (capitula
1120 3451 1240 3515 em'licet
1271 3479 1292 3515 a
1322 3450 1537 3515 sacerdotalia
1562 3454 1745 3536 pnopocita,
1782 3455 1924 3538 capitula

314 3555 361 3619 ud
386 3554 544 3619 lectsbncm
572 3579 726 3619 cononum
756 3569 785 3620 ct
812 3555 937 3641 reptilae
958 3556 991 3618 δ’.
1016 3553 1181 3617 Benedicti
1200 3555 1393 3637 pertinentiis
1418 3565 1449 3617 ci
1467 3553 1608 3637 cupc'tuiu
1637 3553 1675 3617 dc
1701 3556 1924 3619 mansiunculis

315 3657 572 3737 memnonem,-
593 3659 627 3720 in
648 3659 832 3742 miniruztunc
853 3681 922 3721 vcro
929 3656 1104 3741 populique
1124 3667 1273 3719 conventu
1294 3655 1333 3719 cle
1353 3655 1472 3740 lepidam
1495 3654 1544 3719 vei
1561 3655 1733 3720 condendis
1757 3657 1806 3720 cel
1825 3682 1923 3721 errictr-

316 3757 435 3822 ‹inndia
460 3770 629 3822 mactabam
655 3783 735 3840 esse,
757 3758 963 3844 'copt‘tuicn'u
996 3781 1114 3842 qrioquc
1141 3758 1229 3840 infru
1254 3759 1414 3841 sequentia
1443 3757 1634 3841 (capitulare
1659 3757 1780 3821 ccciccc!
1804 3758 1924 3845 lepi'lma

269 3888 297 3926 eo
315 3859 458 3923 additum
486 3873 516 3924 ct
535 3861 711 3944 capitulare
732 3860 797 3947 lapi
812 3861 988 3923 Rcbnaricc
1008 3859 1153 3922 additum
1176 3884 1245 3922 (narn
1268 3858 1444 3944 capitulari
1465 3859 1646 3939 arideorum)
1666 3859 1838 3924 deliberata.
1857 3886 1924 3926 cese

314 3960 503 4026 amdam
528 3975 588 4043 cst,
615 3964 742 4026 steinensi
765 3963 957 4046 capitula-nia
977 3962 1150 4025 secundum
1171 3961 1292 4025 codices
1313 3974 1437 4024 rioatros
1457 3985 1540 4024 (ιηηο
1561 3961 1683 4025 rimarum
1699 3966 1758 4028 803
1779 3963 1924 4026 ‹rbsolntu

314 4076 345 4127 ct
363 4062 448 4128 edita
469 4077 553 4128 mint.
594 4063 668 4127 Alii
683 4089 761 4128 critic
781 4065 874 4127 aic'tcr
888 4066 948 4128 hac
969 4064 1008 4128 de
1027 4087 1062 4127 rc
1081 4075 1257 4143 aerwcrnnt,
1273 4064 1474 4146 pottissimum
1497 4064 1571 4146 quin
1586 4061 1624 4125 dc
1641 4063 1792 4148 capitulis
1807 4066 1924 4128 troanie

314 4178 345 4229 ct
364 4165 525 4230 codicibus
544 4168 618 4250 ipsc
638 4167 866 4230 concinentibus
885 4167 990 4229 becbuc
1010 4178 1091 4229 recte
1111 4164 1339 4228 dedicaverunt.

517 4603 587 4708 36.
632 4597 1021 4708 CAPITULA
1060 4597 1114 4704 A
1154 4594 1722 4705 SAOERDOTIBUS

906 4755 1336 4866 PROPOSITA.

994 4931 1066 5009 802
1092 4934 1244 5006 oenus

417 5107 633 5189 invocabatur
653 5125 687 5187 in
708 5124 870 5188 codicibus
932 5126 959 5199 ll
972 5124 1158 5188 Moncccnci
1170 5124 1275 5188 moun
1291 5121 1365 5185 olim
1394 5120 1638 5184 Hutmbon.Em.
1662 5120 1697 5184 F.
1713 5124 1760 5185 11.
1777 5121 1836 5204 fol.
1856 5126 1923 5186 1111.

318 5232 348 5307 2)
369 5231 467 5296 Paria
478 5232 568 5298 9654.
590 5230 653 5316 fol.
669 5234 716 5298 10.
798 5232 828 5306 3)
851 5229 1000 5293 Vaticano
1023 5232 1103 5293 cister
1129 5227 1296 5291 Palatinos
1313 5228 1383 5292 582.
1408 5225 1467 5308 fol.
1483 5228 1550 5292 122
1631 5227 1662 5300 41
1688 5225 1924 5313 flndaqtbensib

317 5333 503 5397 nimwatcn'i
519 5332 553 5396 S.
574 5332 715 5397 Huberti
735 5334 769 5396 in
790 5332 983 5412 Arduenna,
1010 5356 1050 5395 cc
1069 5354 1129 5416 quo
1149 5329 1291 5414 capitula
1317 5327 1403 5392 edita
1430 5340 1506 5391 aurit
1530 5353 1552 5390 a
1572 5328 1714 5392 Mar-tene
1739 5340 1770 5392 et
1785 5328 1926 5392 Durand

271 5468 301 5509 «ο
317 5433 466 5515 (veterum
492 5436 681 5520 wipeornm
708 5447 738 5498 ct
761 5445 1026 5498 rnonmncntoinru
1053 5431 1191 5496 collectio
1204 5431 1280 5511 VII,
1301 5430 1368 5510 26),
1400 5431 1435 5493 in
1461 5453 1524 5515 quo
1551 5429 1685 5494 edc'tabne
1710 5430 1851 5514 capitula
1879 5432 1925 5493 r'to

317 5534 468 5601 ordinm
486 5550 576 5618 aunt,
596 5548 634 5600 nt
651 5537 885 5621 inscriptabncm
905 5547 1078 5621 separandis·
1097 5560 1123 5597 c.
1136 5535 1166 5599 3.
1178 5542 1208 5600 tl.
1219 5536 1249 5598 4.
1261 5536 1289 5600 e
1303 5534 1372 5598 15.
1389 5534 1586 5598 unii-16.
1605 5534 1741 5597 18-22.
1782 5531 1925 5616 Deru'qnc

421 5662 464 5705 m
479 5663 664 5705 cummis
679 5663 699 5702 n
1691 5650 1721 5696 14
