4380 6248
262 357 324 422 428
830 356 1003 412 ANSEGlSl
1023 356 1316 413 cllpl'rtnnult'nl

266 538 365 623 pretio
386 540 569 619 comparant
587 535 672 618 ipsas
690 552 741 597 res
763 534 877 598 iterum
899 533 960 598 sibi
981 534 1015 596 in
1027 531 1166 596 alodem:
1190 531 1276 615 quod
1295 533 1426 595 omnino
1442 532 1619 595 cavendum
1641 542 1702 608 est,
1726 533 1802 615 quia
1823 534 1880 616 qui

265 640 325 702 hoc
345 639 467 701 faciunt
487 656 551 700 non
571 634 653 699 bene
673 636 857 700 custodiunt
884 635 981 701 fidem
1002 654 1100 719 quam
1123 634 1216 698 nobis
1239 635 1428 718 promissam
1452 633 1576 697 habent
1623 632 1664 697 Et
1685 653 1726 698 ne
1747 634 1827 698 torte
1845 636 1880 696 in

262 742 372 824 aliqua
394 738 577 803 infidelitate
598 739 820 815 inveniantur3
852 739 946 820 quia⁸
975 738 1031 820 qui
1058 736 1116 800 hoc
1143 735 1264 799 faciunt
1289 754 1345 819 per
1363 755 1475 799 eorum
1496 736 1693 800 voluntatem
1724 736 1765 799 ad
1786 756 1882 800 aures

266 849 389 907 nostras
410 842 484 905 talia
503 859 597 924 opera
619 839 745 903 illorum
768 859 831 903 non
853 840 1071 923 perveniunt⁸.

367 948 414 1009 21.
455 943 505 1006 De
523 941 575 1005 bis
594 941 652 1023 qai
666 944 796 1022 propter
811 943 977 1021 propriam
989 938 1146 1002 iuditium
1162 937 1363 1001 dilatandam
1378 940 1546 1020 tueantur.
1588 939 1670 1005 Sunt
1694 940 1800 1004 etalii
1824 943 1880 1024 qui
1908 970 1921 1008 a

265 1049 420 1112 iustitiam
440 1045 564 1130 legibus
584 1046 722 1129 recipere
743 1043 872 1123 debent,
899 1050 929 1106 et
950 1044 984 1106 in
1003 1048 1128 1107 tantum
1150 1043 1233 1106 liunt
1253 1043 1287 1106 in
1309 1042 1503 1128 quibusdam
1523 1043 1600 1106 locis
1620 1044 1755 1126 fatigati,
1777 1063 1883 1127 usque

264 1151 342 1213 darm
365 1148 493 1212 illorum
514 1148 668 1211 iustitiam
689 1165 746 1230 per
765 1145 989 1209 fideiussorum
1011 1164 1127 1208 manus
1148 1144 1288 1223 tradam,
1318 1145 1361 1207 ita
1382 1150 1419 1208 ut
1439 1144 1559 1228 aliquid
1580 1145 1631 1209 vel
1652 1166 1788 1229 parrum
1809 1166 1881 1230 pos-

265 1254 331 1317 sint
351 1250 480 1327 habere,
500 1256 532 1314 et
551 1250 693 1313 fortiores
714 1249 889 1332 suscipiant
908 1248 1060 1311 maiorem
1081 1248 1265 1330 portionem.

367 1356 415 1419 22.
455 1352 505 1415 De
524 1350 624 1413 armis
644 1350 687 1413 ad
704 1348 859 1430 placitam
879 1368 943 1412 aon
961 1347 1136 1429 portandis.
1187 1348 1229 1412 Ut
1248 1348 1358 1412 nullus
1379 1348 1419 1412 ad
1439 1348 1571 1412 mallum
1594 1348 1645 1412 vel
1666 1349 1705 1412 ad
1727 1349 1881 1433 placitum

266 1458 349 1521 inira
369 1457 502 1539 patriam
521 1474 622 1535 arma,
643 1454 675 1516 id
698 1461 745 1517 est
766 1458 894 1516 scutum
916 1457 947 1516 et
968 1451 1123 1531 lanceam,
1145 1458 1253 1535 portet
1895 1480 1919 1516 u

367 1559 415 1622 23.
456 1554 507 1619 De
532 1554 715 1618 latronibus.
762 1552 810 1618 De
836 1553 1014 1617 latronibus
1040 1553 1267 1637 praecipimus,
1302 1554 1498 1636 quicumque
1522 1558 1594 1636 post
1622 1555 1752 1617 missam
1780 1557 1880 1617 sancti

268 1661 420 1725 lobannis
448 1659 563 1722 latroni
583 1658 782 1721 mansionem
808 1657 941 1734 dederit,
968 1657 995 1719 si
1017 1655 1159 1719 Francus
1183 1660 1244 1733 est,
1273 1674 1347 1718 cum
1370 1656 1536 1719 duodecim
1563 1655 1723 1720 similibus
1752 1655 1883 1720 Francis

267 1766 367 1842 iuret,
389 1761 473 1845 quod
495 1762 563 1844 ipse
587 1760 741 1823 latronem
768 1778 843 1822 eum
868 1758 968 1821 fuisse
996 1777 1061 1821 non
1087 1758 1212 1836 scisset,
1242 1757 1316 1821 licet
1345 1763 1433 1840 pater
1461 1758 1531 1821 eius
1560 1759 1601 1821 sit
1627 1768 1684 1821 aut
1710 1759 1807 1821 frater
1833 1759 1883 1823 vel

268 1867 476 1950 propinquus.
518 1863 551 1927 Si
572 1863 631 1925 hoc
650 1862 755 1924 iurare
776 1880 840 1924 nou
868 1861 1006 1943 potuerit
1033 1865 1065 1923 et
1089 1860 1128 1923 ab
1156 1860 1217 1922 alio
1239 1861 1405 1923 convictus
1426 1859 1536 1939 fuerit,
1563 1861 1648 1944 quod
1670 1862 1827 1926 latronem
1849 1864 1881 1926 in

267 1969 402 2051 hospitio
424 1967 630 2048 suscepisset,
652 1964 743 2047 qussi
764 1963 843 2026 latro
862 1969 894 2026 et
903 1961 1041 2025 infidelis
1052 1962 1224 2025 iudicetur:
1248 1962 1325 2044 quia
1344 1961 1423 2025 latro
1438 1974 1486 2026 est
1506 1967 1538 2026 et
1557 1962 1694 2028 infidelis
1713 1974 1762 2029 est
1776 1976 1921 2031 nosteru

268 2077 302 2134 et
322 2069 533 2146 Francorum,
554 2074 585 2131 et
607 2068 664 2149 qui
686 2065 777 2128 illum
798 2065 936 2147 suscepit
956 2064 1069 2127 similis
1089 2070 1138 2126 est
1157 2063 1211 2126 illi.
1254 2062 1287 2127 Si
1301 2068 1408 2127 autem
1420 2064 1542 2128 audivit
1564 2066 1649 2148 quod
1672 2067 1751 2130 latro
1771 2068 1886 2131 fuisset

267 2181 300 2237 et
322 2180 427 2236 tamen
449 2190 513 2233 non
535 2170 594 2233 scit
615 2188 670 2252 pro
692 2168 837 2245 firmiter,
866 2174 922 2230 aut
945 2168 1028 2231 iuret
1055 2166 1143 2230 solus
1166 2167 1252 2249 quod
1273 2185 1451 2249 numquam
1472 2186 1547 2230 eum
1573 2168 1713 2232 audisset
1741 2189 1802 2233 nec
1831 2189 1886 2254 per

269 2275 433 2339 veritatem
454 2292 513 2335 nec
532 2291 589 2356 per
608 2270 810 2334 mendacium
833 2269 1002 2348 latronem,
1026 2275 1081 2332 aut
1102 2270 1143 2332 sit
1154 2274 1298 2353 paratus,
1320 2270 1347 2333 si
1368 2269 1421 2333 ille
1440 2269 1480 2333 de
1498 2269 1663 2334 latrocinio
1681 2281 1790 2354 postea
1810 2291 1885 2335 con·

269 2378 373 2440 victus
392 2375 502 2452 fuerit,
523 2382 560 2437 ut
582 2373 726 2436 similiter
746 2372 944 2456 dampnetur.

370 2480 416 2542 24.
458 2476 507 2539 Dc
527 2472 881 2536 animalibusoblatis
902 2472 1008 2546 robus,
1029 2472 1186 2553 aquibus
1206 2476 1361 2535 emantur.
1404 2473 1447 2537 Ut
1467 2474 1577 2539 nullus
1597 2488 1758 2559 comparet
1778 2477 1922 2540 cabul-a

269 2583 353 2662 lum,
375 2580 487 2642 bovem
510 2585 540 2642 et
560 2579 740 2641 iumentum
762 2577 811 2640 vcl
831 2575 906 2656 alia,
934 2577 996 2639 nisi
1018 2576 1108 2639 illum
1133 2576 1295 2639 hominem
1317 2583 1485 2659 cognoscat
1505 2579 1562 2659 qui
1584 2597 1658 2641 eum
1680 2579 1808 2659 rendit,
1830 2590 1885 2642 aaut

269 2685 309 2748 de
331 2703 395 2766 quo
415 2703 495 2766 pago
516 2688 563 2745 ost
585 2680 635 2744 vel
657 2678 711 2742 ubi
731 2686 839 2742 manet
862 2685 920 2742 aut
941 2679 1014 2761 quis
1035 2684 1083 2742 est
1103 2679 1172 2742 cius
1192 2680 1305 2741 senior.

370 2787 419 2849 25.
461 2782 510 2846 De
529 2780 705 2844 booriaidir's
725 2779 914 2843 clericorum.
957 2779 1018 2856 Qui
1032 2779 1263 2843 subdiaconum
1276 2781 1439 2860 occiderit,
1460 2784 1636 2845 trecentosb
1661 2783 1779 2847 solidos
1799 2802 1885 2847 com·

272 2895 383 2971 ponat3
413 2887 469 2969 qui
490 2885 675 2963 diaconum,
703 2885 969 2967 quadringentos⁶
998 2889 1180 2966 componat3
1211 2885 1265 2966 qui
1285 2882 1521 2966 presbyterum,
1549 2887 1737 2948 sescentos*¹
1757 2906 1886 2970 compo

272 2997 343 3068 nat;
365 2991 420 3072 qui
442 2989 640 3072 episcopum,
662 2992 870 3069 nongentos03
896 2987 950 3068 qui
974 2985 1180 3066 monachum,
1202 2985 1451 3069 quadringentos
1472 2986 1589 3051 solidos
1612 2996 1788 3071 componat
1897 3020 1923 3058 :s

372 3094 420 3157 26.
461 3087 512 3152 Dc
530 3088 741 3162 ‘immeruitata
763 3087 792 3150 si
811 3087 941 3167 aliquod
960 3086 1114 3149 damnum·
1133 3085 1178 3148 abi
1197 3086 1319 3166 factura
1331 3087 1439 3167 tuerit.
1481 3088 1515 3154 Si
1534 3091 1607 3173 quis
1626 3091 1658 3153 in
1683 3091 1886 3154 immunitate

271 3196 427 3258 damnum
457 3191 584 3275 aliquod
612 3190 732 3270 iecerit,
764 3191 950 3254 serrcontos‘¹
982 3190 1099 3254 solidos
1128 3198 1303 3274 componat.
1354 3190 1387 3254 si
1418 3199 1526 3255 autem
1560 3192 1654 3255 homo
1680 3192 1804 3256 firmum
1832 3206 1886 3256 run

275 3295 480 3360 homicidium
502 3293 552 3357 rel
574 3293 736 3376 quodlibet
756 3294 875 3355 crimen
908 3292 984 3355 ioris
1005 3293 1206 3356 committens
1233 3293 1317 3355 infra
1344 3294 1578 3357 immunitatem
1600 3295 1731 3377 fugerit,
1757 3295 1886 3359 mandet

277 3416 384 3461 comes
405 3396 455 3460 vel
475 3397 619 3479 episcopo
641 3394 691 3459 vol
712 3394 817 3458 abbati
837 3395 887 3457 vel
909 3394 1106 3458 vicedomino
1127 3394 1178 3458 vel
1192 3392 1241 3456 illi
1261 3396 1457 3478 quicumque
1475 3395 1582 3459 locum
1601 3398 1739 3480 episcopi
1760 3398 1812 3460 rel
1833 3397 1887 3460 ala

275 3501 356 3565 batis
385 3500 537 3577 tenuerit,
565 3505 601 3561 ut
626 3497 735 3561 reddat
763 3499 791 3560 ei
820 3515 919 3560 reum.
967 3495 1000 3560 Si
1027 3496 1079 3559 ille
1106 3497 1332 3560 contradixerit
1358 3504 1389 3560 et
1418 3517 1492 3561 eum
1515 3498 1646 3562 reddere
1670 3498 1825 3569 noluerit.
1854 3502 1885 3562 in
1898 3530 1923 3565 a

279 3605 381 3688 prima
402 3601 648 3664 contradictione
668 3599 776 3663 solidis
798 3599 980 3682 quindecim
1002 3596 1169 3681 culpabilis
1199 3599 1371 3677 iudicetur;
1399 3601 1425 3662 si
1447 3600 1485 3663 ad
1512 3600 1685 3664 secundam
1709 3602 1889 3683 inquisitio·

277 3726 350 3770 nem
372 3691 444 3769 eum
467 3704 596 3767 reddero
620 3701 772 3781 noluerit,
800 3702 928 3785 triginta
950 3700 1058 3764 solidis
1086 3699 1252 3783 culpabilis
1280 3700 1452 3778 iudicatum
1480 3703 1505 3765 si
1532 3721 1592 3766 nec
1617 3701 1655 3764 ad
1685 3703 1815 3765 tertiam
1842 3702 1889 3763 ia-

274 3806 475 3888 quisitionem
496 3805 673 3869 consentire
693 3803 840 3881 volucrit,
872 3802 1024 3886 quicquid
1047 3822 1122 3866 reus
1145 3802 1253 3865 damni
1274 3802 1402 3881 iecerat,
1431 3811 1533 3867 totum
1554 3803 1607 3866 ille
1629 3805 1685 3886 qui
1708 3823 1785 3867 eum
1809 3805 1887 3868 infru

277 3910 512 3974 immunitatem
531 3908 645 3970 retinet
665 3925 722 3969 nec
744 3905 874 3969 reddere
895 3905 964 3968 vult
985 3905 1106 3968 solvere
1127 3912 1269 3988 cogatur,
1295 3914 1327 3969 et
1354 3906 1422 3989 ipse
1442 3925 1548 3969 comes
1574 3908 1706 3971 veniens
1728 3906 1886 3971 licentiam

277 4013 390 4076 habeat
411 4013 517 4094 ipsum
537 4010 699 4072 bominem
721 4008 803 4070 infra
832 4009 1064 4071 immunitatem
1092 4008 1278 4090 quaerendi,
1305 4007 1500 4090 ubicumque
1527 4026 1601 4071 eum
1630 4009 1776 4074 invenire
1799 4024 1922 4093 putu-a

276 4117 344 4179 crit.
388 4113 421 4178 Si
441 4117 547 4176 autern
569 4112 674 4175 statim
697 4111 730 4173 in
751 4111 853 4194 prima
875 4111 1080 4193 inquisitione
1109 4112 1216 4174 comiti
1242 4130 1432 4194 responsum
1458 4110 1570 4191 fuerit,
1597 4111 1682 4194 quod
1711 4131 1788 4176 reus
1810 4113 1886 4176 inira

276 4216 512 4280 immunitatem
540 4213 668 4296 quidem
696 4213 809 4277 luisset
833 4213 887 4277 sed
911 4213 987 4296 iuga
1014 4212 1121 4296 lapsus
1144 4213 1204 4292 sit,
1243 4215 1325 4278 iuret
1354 4213 1439 4296 quod
1467 4215 1534 4297 ipse
1558 4232 1632 4277 eum
1662 4214 1703 4277 ad
1734 4216 1885 4279 iustitiam

276 4317 449 4381 cuiuslibet
469 4315 693 4379 disfaciendam
715 4315 825 4398 frigere
844 4335 908 4378 non
930 4315 1070 4394 fecisset,
1096 4321 1127 4378 et
1154 4316 1194 4379 sit
1214 4316 1243 4379 ei
1265 4317 1298 4378 in
1326 4315 1386 4379 hoc
1405 4315 1608 4379 satisfactum.
1656 4316 1689 4380 Si
1712 4326 1822 4381 autem
1842 4320 1886 4380 io·

276 4422 371 4483 tranti
393 4421 426 4482 in
448 4420 550 4501 ipsam
569 4418 804 4481 immunitatem
824 4418 930 4480 comiti
949 4417 1078 4480 collecta
1088 4437 1188 4480 manu
1210 4417 1359 4501 quislibet
1379 4420 1524 4483 resuere
1546 4420 1885 4502 temptaverimus

275 4523 334 4585 hoc
355 4522 394 4585 ad
412 4540 519 4604 rogem
539 4519 590 4583 vel
611 4520 650 4582 ad
671 4521 845 4603 principem
868 4519 987 4583 deferat
1011 4518 1120 4602 ibique
1150 4519 1321 4598 iudicetur,
1349 4526 1399 4601 ut,
1426 4522 1510 4585 sicut
1528 4521 1581 4584 ille
1600 4522 1657 4604 qui
1678 4523 1713 4584 in
1737 4522 1916 4586 immuni-u

274 4630 337 4688 tate
358 4624 512 4687 damnum
532 4621 620 4697 fecit;
643 4622 828 4685 sexcentos‘l
850 4621 966 4684 solidos
980 4639 1168 4703 componore
1182 4620 1308 4700 debeat,
1329 4622 1373 4684 ita
1394 4625 1497 4706 utqui
1508 4624 1614 4687 comiti
1636 4623 1768 4687 collecta
1792 4643 1884 4687 manu

273 4729 419 4789 resistere
438 4725 685 4808 praesumpserit
705 4724 883 4787 serroontis‘l
903 4722 1014 4786 solidis
1034 4721 1201 4806 culpabilis
1222 4724 1386 4788 iudicetur.

374 4828 422 4892 27.
462 4825 512 4889 De
533 4844 566 4888 eo
585 4825 641 4905 qut
662 4824 698 4887 ia
720 4824 839 4887 iudicio
859 4824 979 4887 iniuste
998 4827 1106 4888 watra
1117 4823 1218 4886 alium
1236 4823 1436 4888 adamatae
1455 4825 1611 4889 adiaoarc
1627 4828 1884 4909 presumpserit.

275 4929 309 4993 Si
332 4930 405 5012 quis
426 4929 586 4992 bominem
608 4929 640 4991 in
662 4928 780 4992 iudicio
800 4928 919 4990 iniuste
938 4932 1048 4990 contra
1071 4926 1170 4991 alium
1190 4927 1391 4992 altercantem
1412 4929 1563 4992 adiurare
1583 4947 1641 5014 per
1660 4930 1783 4995 malum
1802 4933 1886 5016 inge

276 5033 367 5094 nium
389 5030 635 5114 praesumpserit
658 5036 753 5114 atque
775 5029 850 5093 inde
872 5048 978 5091 coram
1002 5027 1162 5093 iudicibus
1192 5029 1242 5093 vel
1266 5030 1380 5093 comite
1400 5031 1581 5115 increpatus
1601 5031 1698 5097 bremt
1719 5040 1751 5097 et
1775 5053 1886 5119 negare
1897 5066 1917 5106 a

277 5152 341 5196 non
364 5133 517 5216 potuerit,
537 5133 645 5196 solidis
666 5132 849 5216 quindecim
869 5129 1036 5214 culpabilis
1058 5129 1222 5195 iudicetur.

377 5398 405 5468 a)
423 5399 529 5452 Hamae
539 5400 679 5454 ambarum
689 5399 750 5454 droa
762 5398 912 5470 cataplum
920 5400 1013 5463 codd,
1025 5393 1122 5452 Golbb·
1138 5396 1320 5466 ll'a'arcaaaa.
1331 5395 1415 5467 Saea.
1425 5405 1451 5452 ct
1459 5397 1512 5452 aaa·
1518 5399 1661 5454 aBaluaeio
1671 5402 1887 5457 adbibitilradent

276 5479 362 5532 haec:
382 5479 431 5549 qui
443 5479 497 5534 hoe
507 5479 623 5554 faciunt,
636 5480 767 5551 deinceps
778 5485 895 5534 caveant
904 5496 934 5533 se
948 5479 1062 5534 omnino
1073 5495 1090 5533 a
1100 5476 1211 5545 talibus,
1233 5495 1269 5532 ne
1280 5477 1427 5549 apropriis
1435 5478 1589 5535 honoribus
1598 5487 1654 5536 eta
1666 5482 1782 5555 proprio
1790 5484 1888 5553 solas

275 5557 330 5614 Dei
344 5557 710 5631 gratiaetuostraextorros
720 5558 796 5615 fiant
865 5558 896 5619 bl
917 5555 1127 5616 ceccaum·
1176 5557 1204 5626 c)
1227 5554 1285 5613 DC.
1301 5554 1540 5613 GotbfflatGotbl·
1596 5560 1629 5633 d)
1650 5558 1888 5621 DOOOEGW

275 5633 411 5693 adorat·
472 5637 500 5707 a)
521 5639 624 5695 devita
633 5633 889 5712 oompomtoout·
1895 5668 1922 5713 ρ
