4380 6248
838 389 983 446 KAROLI
1004 391 1130 447 MAGNI
1150 390 1419 449 CAPITULARLl.
1875 387 1932 452 167

422 576 451 640 5.
495 572 697 658 Quicumque
717 592 757 638 ex
780 573 842 637 hisl
863 574 919 655 qni
940 571 1129 636 beneficium
1150 574 1303 656 principis
1321 572 1437 637 habent
1448 592 1556 656 parem
1579 594 1674 638 suum
1695 580 1804 638 contra
1825 574 1932 637 hostes

322 694 510 740 communes
529 678 562 740 in
583 677 725 741 exercitu
746 679 928 760 pergentem
950 674 1104 738 dimiserit
1124 681 1155 738 et
1175 694 1250 738 cum
1276 694 1313 738 eo
1341 676 1387 738 ire
1413 676 1462 739 rel
1495 683 1577 740 staro
1604 677 1753 753 noluerit,
1778 676 1929 739 honorem

323 797 419 841 sumn
441 783 472 842 et
492 777 683 842 beneficium
702 779 819 863 perdat

424 886 451 946 o
492 879 537 944 Ut
556 882 590 943 in
610 879 700 944 hoste
720 899 814 944 nemo
835 901 944 965 parem
965 901 1061 945 suum
1082 879 1133 943 vel
1153 879 1326 963 quemhbet
1346 881 1481 943 alterum
1502 882 1663 944 hominem
1684 879 1792 943 bibere
1813 884 1901 962 roget
1908 878 1931 940 6.

290 980 363 1045 sEt
384 984 580 1066 quicumque
605 983 638 1045 in
666 984 808 1046 exercitu
829 981 937 1047 ebrius
959 984 1110 1046 inventus
1137 982 1247 1062 fuerit,
1273 984 1316 1046 ita
1344 984 1650 1061 excommunicetur,
1679 987 1713 1044 ut
1739 982 1772 1043 in
1793 979 1931 1044 bibendo

322 1085 389 1148 sola
409 1105 494 1169 aqua
513 1089 634 1164 utatur,
655 1104 823 1168 quousque
844 1085 1058 1148 malefecisse
1079 1092 1254 1169 cognoscat

424 1188 451 1251 l.
494 1185 542 1251 De
561 1188 692 1251 vassism
713 1186 879 1250 dominicis
901 1188 956 1270 qui
978 1187 1081 1249 adhuc
1101 1188 1184 1249 intra
1196 1205 1302 1249 casam
1316 1187 1459 1249 serviunt
1480 1191 1629 1249 ettamen
1645 1183 1798 1248 beneficia
1819 1182 1934 1246 habere

322 1300 500 1353 noscuntur
518 1293 672 1352 statutum
694 1296 758 1370 est,
779 1294 816 1353 ut
836 1291 1032 1372 quicumque
1053 1300 1094 1352 ex
1114 1291 1160 1352 eis
1181 1308 1256 1352 cum
1275 1289 1391 1351 domno
1409 1289 1596 1371 imperatore
1617 1287 1703 1350 domi
1724 1287 1933 1349 remanserint

320 1391 474 1456 vassallos
495 1410 571 1455 suos
591 1397 713 1455 casatos
741 1410 850 1455 secum
877 1411 941 1453 non
962 1391 1136 1469 retineant,
1164 1390 1217 1454 sed
1246 1410 1319 1453 cum
1348 1391 1462 1453 comite
1487 1391 1579 1453 cuius
1600 1408 1754 1473 pagenses
1783 1394 1859 1452 sunt
1885 1389 1933 1450 iro

277 1507 305 1545 ¹⁰
321 1494 509 1577 pemrittatl.

422 1597 452 1661 8.
494 1594 709 1659 Constitutum
731 1601 796 1675 est,
818 1601 853 1659 ut
874 1596 1051 1659 secundum
1073 1597 1237 1678 antiquam
1249 1595 1512 1659 consuetudinem
1532 1596 1725 1678 praeparatio
1746 1594 1787 1657 ad
1808 1594 1932 1656 hostem

320 1697 497 1761 faciendam
518 1697 711 1761 indicaretur
730 1705 762 1761 et
782 1704 977 1778 servaretur,
999 1698 1033 1761 id
1054 1704 1102 1761 est
1122 1698 1272 1761 victualia
1294 1698 1333 1761 de
1360 1717 1467 1760 marca
1486 1698 1525 1760 ad
1551 1706 1614 1760 tres
1639 1715 1765 1761 menses
1791 1702 1822 1759 et
1842 1715 1932 1758 anna

320 1807 417 1883 atque
438 1800 625 1863 vestimenta
646 1799 686 1862 ad
706 1798 874 1862 dimidium
895 1799 1047 1862 anmmrss.
1091 1798 1182 1875 Quod
1208 1805 1314 1862 tamen
1340 1800 1384 1861 ita
1404 1799 1564 1862 observari
1585 1799 1719 1882 placuit,
1746 1797 1850 1860 uthis
1873 1798 1930 1880 qui

321 1901 361 1965 de
380 1900 470 1965 Reno
490 1899 683 1984 adligerem
703 1908 854 1985 pergunt,
874 1901 914 1965 de
930 1899 1042 1983 Ligere
1062 1902 1190 1964 initium
1212 1903 1337 1964 rictusn
1359 1902 1409 1964 sui
1424 1907 1627 1985 conputetur3
1650 1901 1699 1963 his
1720 1918 1795 1962 voro
1818 1899 1873 1981 qui
1894 1898 1935 1961 de

274 2018 302 2058 1⁵
320 2001 432 2087 Ligere
452 2003 492 2066 ad
512 2002 640 2066 Renum
662 2005 720 2066 iter
739 2003 874 2083 faciunt,
895 2003 934 2066 de
954 2002 1042 2066 Reno
1065 2004 1163 2066 trium
1184 2004 1343 2067 mensium
1364 2003 1513 2067 victualia
1534 2002 1677 2067 habenda
1689 2020 1758 2066 esse
1780 1999 1903 2063 dicatur
1911 2013 1933 2079 ⁰3

321 2106 377 2188 qui
398 2113 506 2169 autem
526 2114 614 2168 trans
625 2103 752 2169 Renum
773 2112 850 2169 sunt
870 2112 902 2169 et
916 2125 972 2189 per
983 2104 1155 2168 Saxoniam
1172 2113 1323 2189 pergunt,
1344 2105 1383 2167 ad
1396 2104 1541 2168 albiam»
1563 2124 1701 2168 marcam
1722 2121 1792 2166 esso
1813 2104 1930 2179 sciant,

320 2214 352 2270 et
373 2208 428 2290 qui
448 2214 536 2270 hans
551 2205 695 2290 Ligerem
716 2212 858 2287 manent,
879 2214 975 2290 atque
996 2208 1029 2269 in
1046 2206 1197 2291 Spaniam
1217 2206 1372 2290 proficisci
1395 2206 1527 2286 debent,
1548 2206 1828 2270 montesPirineos
1850 2225 1932 2267 mar-

321 2328 390 2371 carn
412 2307 471 2371 sibi
492 2328 561 2373 esse
582 2314 780 2392 cognoscant

423 2414 450 2475 o.
493 2409 694 2494 Quicumque
721 2409 801 2474 liber
827 2411 920 2474 homo
946 2412 1097 2475 inventus
1121 2411 1216 2475 fuerit
1246 2430 1330 2473 anno
1361 2415 1526 2494 praesente
1558 2430 1632 2473 cum
1663 2411 1785 2473 seniora
1811 2428 1870 2472 suo
1898 2410 1931 2472 in

275 2530 303 2569 n
321 2513 412 2577 hoste
433 2533 495 2575 non
518 2514 634 2591 fuisse,
655 2512 785 2596 plenum
805 2510 1017 2575 heribannum
1034 2513 1212 2596 persolvere
1224 2512 1382 2596 cogatur9.
1424 2511 1465 2575 Et
1486 2514 1511 2575 si
1534 2513 1638 2575 senior
1653 2512 1703 2575 vel
1724 2511 1824 2574 comis
1845 2510 1931 2573 illius

323 2633 397 2678 eum
419 2615 503 2677 domi
525 2615 696 2694 dimiserit,
724 2616 791 2698 ipse
811 2634 868 2697 pro
894 2613 950 2677 eoq
971 2614 1108 2678 eundem
1135 2614 1277 2678 bannum
1304 2614 1475 2698 persolvat3
1506 2621 1536 2678 ot
1562 2620 1606 2677 tot
1633 2613 1799 2677 heribanni
1828 2611 1868 2674 ab
1895 2630 1932 2674 eo

322 2717 507 2800 exigantur,
536 2727 613 2800 quot
634 2718 777 2781 homines
798 2717 884 2779 domi
905 2716 1032 2779 dimisit.
1073 2716 1114 2780 Et
1135 2718 1211 2800 quia
1232 2736 1290 2780 nos
1313 2736 1397 2780 anno
1419 2721 1582 2800 praesente
1602 2717 1778 2799 unicuique
1800 2716 1932 2779 seniorir

323 2816 403 2882 duos
423 2819 568 2883 homines
589 2839 670 2903 quos
691 2819 774 2882 domi
796 2818 966 2882 dimitteret
986 2820 1220 2898 concessimus,
1245 2819 1316 2882 illos
1337 2819 1487 2882 volumus
1507 2829 1542 2882 ut
1565 2820 1671 2882 missis
1692 2819 1809 2881 nostris
1829 2824 1932 2880 osten-

322 2920 411 2999 dant,
433 2921 508 3003 quia
531 2921 596 2985 his·
618 2920 837 2984 tantummodo
859 2919 1069 2984 heribannum
1090 2921 1295 2984 concedimus
1304 2922 1340 2983 ¹0.

271 3040 301 3081 as
424 3024 472 3087 lo.
514 3021 729 3087 Constitutum
756 3028 820 3102 est,
844 3029 882 3086 ut
908 3023 1016 3087 nullus
1044 3024 1211 3106 episcopus
1236 3028 1293 3087 aut
1317 3022 1415 3087 abbas
1440 3029 1496 3086 aut
1521 3022 1680 3087 abbatissa
1704 3020 1754 3085 rel
1784 3020 1933 3104 quislibet

320 3132 424 3188 rector
443 3131 499 3187 aut
519 3130 626 3189 custos
647 3125 814 3189 aecclesiae
842 3124 990 3188 bnmiam
1011 3125 1061 3188 vel
1084 3125 1226 3208 gladium
1247 3127 1316 3188 sine
1343 3131 1451 3188 nostro
1479 3127 1632 3209 permisso
1658 3122 1787 3187 cuilibet
1809 3124 1931 3185 homini

320 3234 472 3290 extraneo
490 3233 546 3290 aut
566 3227 640 3291 dare
661 3233 717 3290 aut
736 3227 920 3291 venundare
940 3232 1135 3310 praesumat,
1162 3228 1225 3289 nisi
1245 3233 1369 3290 tantum
1391 3227 1534 3290 vassallis
1556 3228 1631 3291 suis.
1675 3225 1717 3288 Et
1737 3226 1764 3289 si
1785 3226 1932 3305 evenerit,

320 3329 413 3391 utin
435 3327 575 3411 qualibet
595 3329 725 3393 ecclesia
745 3330 797 3393 vel
818 3331 852 3392 in
873 3336 981 3394 sancto
1002 3330 1070 3393 loco
1087 3330 1194 3413 plnres
1211 3329 1343 3393 brunias
1363 3329 1477 3393 habeat
1498 3349 1593 3413 quam
1616 3328 1654 3391 ad
1672 3328 1816 3391 homines
1832 3334 1931 3390 recto·

319 3431 407 3494 res·‘
428 3431 569 3495 eiusdem
591 3430 739 3495 ecclesiae
755 3431 931 3512 sufficiant,
952 3438 1029 3495 tunc
1041 3433 1213 3516 principem
1228 3432 1329 3494 idemt
1349 3437 1471 3495 rectoru
1489 3432 1637 3495 ecclesiae
1649 3432 1831 3512 interroget,
1853 3430 1930 3513 quid

268 3550 300 3593 ac
319 3531 360 3595 de
380 3532 431 3596 his
451 3532 518 3597 fieri
540 3532 677 3598 debeat'.

426 3638 471 3698 ll.
516 3634 557 3699 Ut
578 3636 845 3719 quandocumque
865 3637 1029 3720 navigium
1051 3638 1173 3700 mittere
1194 3636 1360 3716 volumus,
1383 3637 1442 3720 ipsi
1465 3637 1603 3699 seniores
1624 3637 1657 3698 in
1670 3636 1747 3718 ipsis
1769 3634 1931 3697 naribusw

319 3742 468 3820 pergant,
488 3743 519 3800 et
539 3737 578 3800 ad
600 3738 658 3800 hoo
679 3739 743 3800 sint
765 3739 947 3822 praeparati.

423 4003 444 4059 ll
467 4002 571 4058 eis2.3.
634 4003 672 4067 ml
693 4005 836 4059 vasallisl.
898 4004 1062 4073 n)viatus1.
1125 4002 1396 4058 oulenoseaturae.
1449 4003 1479 4073 p)
1497 4004 1592 4058 libiam
1602 4001 1658 4056 23.
1709 4002 1785 4073 qleo
1805 4001 1932 4058 orale.

317 4083 345 4149 r)
363 4084 536 4139 serriorurnl.
618 4084 641 4149 sl
663 4084 793 4154 hisquei.
875 4083 923 4155 θ’)
947 4085 1171 4153 rectoriscorrip.
1187 4085 1301 4137 nictatio.
1383 4082 1406 4145 t)
1428 4083 1456 4136 id
1468 4086 1530 4137 ostl
1546 4083 1615 4136 -3.
1701 4102 1731 4153 u)
1752 4082 1932 4153 rectorem33

267 4182 299 4223 aa
318 4163 471 4218 rectoriad.
551 4168 580 4233 v)
601 4164 736 4235 precipiat
750 4164 776 4221 2.
788 4164 814 4219 3.
896 4165 931 4233 w)
954 4165 1132 4236 navigibusl.

422 4421 452 4488 c)
476 4422 912 4494 Cfncopit.rnraaor.803,c.16.
982 4422 1011 4493 7)
1035 4423 1094 4493 Csr.
1106 4443 1166 4495 cop.
1177 4425 1422 4477 naiaomleaaerc.
1429 4440 1518 4495 prom
1528 4423 1594 4489 808,
1608 4441 1631 4476 c.
1639 4424 1663 4477 9.
1731 4423 1760 4493 8)
1785 4423 1930 4492 CJna'nfra

320 4519 422 4572 Korols‘
431 4519 558 4574 arlfbclr.
571 4521 629 4573 aba
643 4519 904 4591 epac804-811.
1002 4521 1030 4587 9)
1054 4523 1114 4588 Cfr.
1128 4523 1303 4592 controCop.
1320 4521 1706 4585 Theodoniaa.805.11,c.19.
1796 4522 1844 4590 10)
1868 4522 1928 4592 Csr.

321 4616 388 4688 Cap.
402 4619 505 4670 ιηίεεον.
519 4620 554 4671 <lc
564 4636 647 4671 erere.
659 4636 749 4689 prom.
759 4618 826 4687 808,
840 4618 929 4672 aas.
