4380 6248
272 365 331 428 160
780 368 923 424 KAROLI
945 368 1071 425 ninom
1094 368 1365 428 CAPlTl'LARlA.

271 573 366 634 cuppa
380 554 408 613 2.
423 552 460 629 5,
487 568 599 612 servus
619 548 801 632 disciplinae
823 549 975 632 corporali
997 548 1164 614 subiicitur
1185 552 1218 613 e'n
1245 576 1338 637 capp.
1357 555 1423 618 1.4.
1438 556 1468 619 6.
1519 552 1635 639 Capria
1663 555 1880 621 sarmatani

271 652 418 715 Sanetus
444 662 564 713 tueantur
590 662 750 734 qaorum,-
782 674 824 712 απ
848 652 956 734 cupito
982 652 1075 714 enirm
1097 654 1174 716 1-4
1198 655 1353 716 coronabo
1383 656 1466 735 coiit,
1498 654 1670 719 admodum
1702 656 1876 743 uorbt'yuum

272 751 410 832 ridetur,
445 752 573 814 elenensi
596 764 661 814 tona
689 751 782 836 tra'plr‘
806 754 987 836 coorpocz'tao
1014 776 1107 836 quam
1136 778 1218 818 meae
1244 758 1493 820 coria-anemoratrb
1523 756 1606 843 lepra
1631 770 1663 821 et
1688 756 1877 843 capriulorrir

272 855 427 916 cosronr'ee
447 853 508 933 (oo.
523 854 594 923 191,
621 879 646 917 0.
661 855 689 917 i.
704 856 740 931 8)
762 855 796 916 ia
816 855 998 917 memoriam
1023 868 1176 919 recocunt.
1221 856 1335 941 Capeto
1362 857 1455 943 opud
1472 859 1663 945 Amqaeeaoa
1684 872 1879 923 000000011ωο

272 956 353 1017 rium
376 954 491 1017 Ir'urola'
507 956 612 1039 eopia
634 978 717 1018 trano
731 958 791 1021 810
804 957 900 1020 01811
927 954 1022 1034 eda'tu,
1044 965 1080 1017 ut
1100 958 1142 1019 ai‘a
1166 956 1236 1039 fere
1255 960 1352 1023 ararem
1372 972 1454 1024 00010
1474 958 1576 1023 moui
1585 958 1725 1041 poenita
1905 982 1916 1019 ι

1396 1061 1448 1141 (B.
1465 1061 1568 1141 decan
1595 1059 1633 1123 P.
1648 1060 1676 1139 I,
1700 1062 1784 1137 169.)

371 1213 418 1324 Si
441 1261 513 1342 quis
534 1278 629 1341 super
649 1260 784 1321 missum
805 1260 1000 1322 dominicum
1022 1280 1098 1323 cum
1118 1261 1247 1325 collecta
1268 1268 1299 1326 et
1312 1264 1409 1327 armis
1420 1264 1543 1328 venerit
1564 1268 1595 1327 et
1615 1264 1815 1329 missaticum
1836 1264 1880 1328 illi

268 1363 448 1425 iniunctum
475 1362 699 1424 contradixerit
726 1370 781 1423 aut
807 1361 1019 1426 contradicere
1048 1363 1199 1442 voluerit,
1226 1371 1258 1427 et
1281 1364 1340 1427 hoc
1366 1366 1394 1427 ei
1423 1363 1631 1449 adprobatum
1657 1364 1772 1441 fucrit,
1797 1367 1879 1449 quod

269 1466 373 1527 sciens
393 1474 501 1527 contra
522 1465 656 1526 missum
679 1463 873 1527 dominicum
896 1464 935 1527 ad
952 1465 1161 1528 resistendum
1176 1467 1327 1543 venisset,
1350 1465 1388 1530 de
1409 1468 1473 1530 vita
1486 1474 1669 1551 componat:
1692 1476 1724 1531 et
1745 1468 1773 1532 si
1789 1487 1881 1553 nega·

270 1567 365 1633 verit.
391 1586 465 1629 eum
486 1565 551 1629 XII
573 1568 640 1630 suis
661 1565 854 1629 iuratoribus
874 1586 908 1630 se
928 1567 1068 1631 idoniare
1088 1566 1197 1639 faciat;
1227 1575 1259 1631 et
1282 1588 1339 1651 pro
1361 1587 1397 1631 eo
1419 1569 1601 1651 quodcum
1622 1569 1753 1634 collecta
1773 1580 1882 1635 cenna
1898 1592 1922 1633 a

273 1671 407 1732 missum
423 1667 617 1731 dominicum
629 1676 770 1732 annatus
783 1670 868 1732 venit
885 1670 923 1732 ad
939 1669 1165 1750 resistendum,
1186 1668 1327 1733 bannum
1345 1671 1541 1734 dominicum
1562 1680 1739 1755 componat.
1781 1670 1883 1737 Simili

273 1771 365 1834 modo
387 1772 524 1834 domnus
546 1772 713 1854 imperator
733 1771 772 1834 de
794 1773 862 1835 suis
883 1773 984 1835 vassis
1006 1771 1163 1835 iudicavit.
1205 1771 1246 1835 Et
1275 1774 1301 1835 si
1328 1792 1440 1837 servus
1468 1772 1528 1837 boc
1547 1773 1670 1853 feeerit,
1698 1774 1884 1859 disciplinae

272 1874 424 1957 corporali
446 1873 613 1937 subiaceat

368 1979 395 2041 2.
437 1976 469 2039 Si
496 1977 568 2058 quis
599 1977 728 2039 domum
755 1977 890 2039 alienam
918 1975 1087 2039 cuiuslibet
1117 1977 1294 2061 infregerit,
1324 1977 1478 2061 quicquid
1506 1978 1622 2042 exinde
1647 1996 1706 2062 per
1729 1979 1885 2041 virtutem

268 2079 433 2143 abstulerit
453 2088 508 2141 aut
529 2080 668 2161 rapuerit
690 2079 740 2141 vel
761 2078 925 2155 furaverit,
952 2079 1129 2142 secundum
1155 2079 1255 2163 legem
1283 2086 1314 2143 et
1341 2098 1442 2143 ewam
1463 2079 1509 2143 illi
1529 2081 1623 2144 cuius
1650 2080 1767 2143 domus
1787 2080 1927 2149 fueritis

269 2182 399 2244 infracta
426 2190 456 2245 et
485 2181 615 2265 spoliata
643 2182 674 2243 iu
704 2181 831 2265 triplum
869 2186 1036 2263 componat
1068 2187 1098 2244 et
1130 2183 1261 2265 insuper
1290 2180 1433 2244 bannum
1461 2182 1658 2246 dominicum
1686 2181 1798 2245 solvat.
1850 2182 1884 2247 Si

267 2303 379 2347 servus
401 2284 459 2347 bec
486 2283 606 2360 fecerit,
632 2284 821 2347 sententiam
847 2283 1063 2365 superiorem1
1089 2283 1220 2365 accipiat
1246 2290 1277 2346 et
1303 2284 1433 2367 insuper
1459 2284 1636 2347 secundum
1663 2303 1757 2347 suam
1779 2284 1883 2367 legem

265 2387 523 2469 compositionem
546 2386 647 2449 faciat.

277 2471 280 2477 ⁵
366 2493 394 2554 3.
438 2488 491 2553 Sia
520 2490 592 2572 quis
624 2489 702 2552 liber
727 2489 821 2551 bomo
847 2486 975 2570 aliquod
1004 2487 1065 2550 tale
1091 2487 1244 2550 damnum
1269 2485 1399 2551 cuilibet
1423 2486 1543 2567 feeerit,
1574 2506 1631 2571 pro
1658 2507 1723 2571 quo
1751 2489 1883 2573 plenam

268 2593 525 2675 compositionem
548 2592 648 2655 t'acere
671 2610 734 2653 non
756 2590 871 2667 valeat,
899 2591 1103 2672 semetipsum
1131 2590 1163 2651 iu
1186 2589 1287 2652 wadio
1308 2608 1477 2672 pro-servo
1503 2591 1578 2653 dare
1604 2591 1748 2670 studeat,
1774 2610 1884 2675 usque
1901 2620 1928 2659 a

267 2693 345 2756 dum
366 2694 489 2776 plenam
511 2693 769 2776 compositionem
789 2691 965 2774 adimpleat.

366 2797 395 2858 4.
438 2794 470 2859 Si
493 2797 565 2877 quis
586 2814 705 2858 messes
725 2802 781 2857 aut
802 2814 944 2857 anrronas
974 2795 1006 2856 in
1035 2793 1124 2856 hoste
1152 2813 1247 2877 super
1269 2793 1412 2856 bannum
1442 2793 1636 2858 dominicum
1665 2796 1808 2879 rapuerit
1830 2796 1882 2860 vel

267 2901 387 2982 paverit
408 2909 462 2961 aut
483 2897 634 2961 furaverit
654 2906 709 2960 aut
729 2917 803 2961 cum
826 2897 954 2959 caballis
975 2897 1160 2975 vastaverit,
1188 2897 1351 2959 aestimato
1377 2896 1493 2959 damno
1521 2895 1698 2960 secundum
1721 2896 1825 2979 legem
1848 2900 1881 2962 in

267 3002 395 3084 triplum
418 3009 590 3082 componat.
636 2999 676 3063 Et
698 3001 723 3063 si
749 2998 827 3062 liber
848 2999 941 3061 bomo
968 2998 1026 3060 boc
1045 2997 1167 3069 fecerit,
1194 2996 1336 3061 bannum
1363 2997 1558 3061 dominicum
1578 3017 1634 3082 pro
1656 2997 1715 3062 hac
1738 3018 1772 3063 re
1793 3020 1882 3065 com·

267 3122 382 3186 ponere
403 3113 547 3185 <rogatum
570 3121 682 3166 servus
704 3121 777 3165 vero
800 3101 975 3165 secundum
998 3121 1089 3164 suam
1111 3100 1212 3182 legem
1229 3100 1321 3183 tripla
1334 3101 1565 3183 composicione
1586 3099 1740 3164 damnum
1761 3102 1797 3165 in
1810 3102 1882 3167 loco
1900 3132 1927 3171 aa

267 3206 426 3276 restituat,
449 3212 479 3268 et
499 3225 555 3288 pro
577 3204 701 3267 bannob
723 3205 887 3288 disciplina
909 3203 1061 3287 corporali
1082 3201 1249 3266 subiaceat.

366 3523 395 3585 Ξ).
438 3520 470 3583 Si
493 3519 608 3601 aliquis
630 3518 713 3581 Saxo
735 3517 894 3579 bominem
917 3516 1175 3599 conprehenderit
1195 3516 1316 3599 absque
1345 3517 1428 3580 furto
1456 3524 1512 3580 aut
1532 3514 1653 3599 absque
1674 3535 1735 3581 sua
1752 3519 1882 3602 propria

267 3623 373 3705 aliqua
395 3641 441 3690 re,
463 3621 570 3684 dicens
592 3620 675 3703 qruvd
698 3619 743 3682 illi
763 3618 874 3682 babeat
888 3618 1040 3680 danmom
1061 3618 1193 3693 factum,
1212 3630 1242 3682 et
1264 3620 1321 3681 hoc
1334 3618 1524 3683 contendere
1535 3618 1685 3697 voluerit,
1705 3620 1739 3682 in
1759 3618 1883 3683 iudicio

268 3733 323 3786 aut
344 3725 375 3786 in
398 3743 508 3806 eampo
526 3732 581 3785 aut
601 3722 640 3784 ad
662 3740 788 3784 crucem
811 3721 968 3783 licentiam
992 3720 1119 3787 babeat:
1144 3723 1170 3784 si
1192 3740 1267 3784 vero
1288 3720 1347 3784 hoc
1370 3721 1519 3800 noluerit,
1546 3740 1620 3784 curn
1643 3721 1711 3785 suis
1731 3721 1884 3785 iuratori·

269 3825 329 3889 bus
351 3827 417 3910 ipse
438 3824 517 3888 liber
538 3825 630 3887 bomo
652 3844 685 3887 se
707 3823 847 3887 idoniare
869 3823 969 3886 faciat.
1011 3821 1052 3885 Et
1079 3824 1105 3885 si
1133 3842 1262 3886 servum
1284 3822 1453 3887 cuiuslibet
1473 3821 1594 3906 absque
1618 3821 1726 3905 aliqua
1745 3841 1885 3907 conpro-
1902 3852 1929 3891 a

268 3928 393 3991 batione
414 3926 686 4010 conprehenderit,
713 3927 780 4009 ipse
801 3944 913 3988 servus
933 3936 988 3987 aut
1014 3925 1053 3987 ad
1075 3944 1191 4007 aquam
1212 3924 1386 3988 ferventem
1413 3932 1469 3987 aut
1493 3924 1534 3987 ad
1560 3923 1645 3988 aliud
1666 3923 1826 3989 iudicium
1846 3944 1884 3991 se

268 4030 408 4093 idoniare
427 4031 527 4092 lmiat.

369 4136 395 4197 o.
439 4134 471 4193 si
493 4131 609 4214 aliquis
630 4130 713 4193 Saxo
735 4130 871 4193 caballos
895 4130 927 4191 iu
950 4149 1007 4192 sua
1037 4147 1140 4191 nresse
1162 4129 1319 4191 invenerit
1339 4134 1370 4192 et
1395 4129 1480 4211 ipsos
1506 4126 1643 4191 caballos
1663 4127 1738 4191 inde
1762 4128 1884 4193 ducere

272 4255 327 4319 pro
349 4255 407 4297 suo
429 4235 544 4297 damno
566 4234 604 4297 ad
627 4232 885 4316 conprobandum
910 4231 1058 4299 voluerit.
1085 4232 1110 4292 si
1133 4231 1206 4313 quis
1229 4229 1307 4294 iiber
1328 4228 1423 4293 honre
1443 4229 1502 4292 hoc
1527 4230 1557 4292 ei
1576 4229 1804 4295 contradixerit
1824 4240 1885 4295 aut

267 4337 395 4420 aliquod
417 4337 536 4399 ruulum
558 4356 614 4419 pro
636 4336 693 4397 hoe
715 4334 835 4401 fecerit.
858 4333 949 4417 tripla
968 4334 1184 4416 conpositione
1204 4332 1381 4395 secundum
1403 4331 1504 4415 legem
1525 4338 1556 4395 et
1577 4331 1756 4395 secundum
1776 4350 1883 4397 ewam
1902 4362 1931 4405 ιι

268 4449 376 4502 contra
395 4458 469 4502 eum
491 4438 658 4501 emendare
679 4437 801 4499 studeat
827 4445 857 4500 et
880 4438 1009 4519 insuper
1036 4435 1178 4498 bannum
1207 4434 1402 4497 dominicum
1423 4432 1539 4513 solvat,
1565 4438 1596 4497 et
1615 4452 1748 4497 manum
1769 4433 1885 4519 perdat

268 4561 323 4624 pro
344 4562 381 4603 ec»
403 4540 487 4623 quod
510 4539 714 4603 inoboediens
735 4540 794 4602 luit
816 4548 923 4600 eontra
945 4548 1145 4621 pracceptum
1169 4537 1276 4599 domui
1298 4536 1509 4620 imperatoris,
1530 4534 1615 4619 quod
1635 4535 1704 4619 ipse
1723 4554 1783 4620 pro
1802 4556 1884 4621 paee

269 4653 405 4707 statuere
427 4644 528 4706 iussit.
571 4642 603 4705 si
626 4661 737 4705 servus
759 4641 816 4703 boc
835 4640 957 4712 fecerit,
979 4639 1157 4703 secrurdum
1171 4658 1261 4703 suant
1282 4639 1382 4722 legem
1400 4638 1507 4702 omnia
1527 4638 1560 4700 in
1581 4636 1714 4721 triplum
1732 4640 1884 4703 restituat

268 4753 298 4809 et
319 4745 503 4829 disciplinae
523 4744 676 4828 corporali
697 4744 865 4807 subiaceat.

368 4978 390 5029 u'
420 4980 508 5045 (bput
521 4994 580 5026 euru
595 4974 762 5027 ‹rratcccdeuti
772 4974 895 5026 colum-et
909 4974 986 5043 opud
1000 4974 1096 5042 Auscp.
1180 4973 1204 5025 b·
1228 4974 1268 5025 ari·
1283 4990 1352 5024 ararat
1365 4969 1692 5039 altarocodmdatnno
1705 4968 1767 5023 redd.
1899 4996 1928 5035 ω

372 5202 384 5252 l
421 5218 481 5269 cop.
492 5202 514 5253 l.
