4418 6226
349 322 408 385 228
855 322 1139 378 ADDITAMENTA
1159 323 1213 377 AD
1234 324 1379 378 PIPPINI
1400 324 1449 377 ET

351 508 426 589 piat;
456 511 486 568 91
507 507 532 568 si
555 506 627 588 quis
649 504 708 566 lroe
727 504 850 584 fecerit,
876 505 969 568 simili
997 506 1169 567 sententiae
1198 504 1378 567 subiacebit
1419 503 1571 568 Similiter
1598 504 1688 567 etde
1709 503 1798 567 laicis
1819 504 1953 567 eandem

350 609 571 670 constituimus
592 605 747 689 regulam,
769 608 853 669 sicut
872 608 904 668 iu
927 606 1057 669 decretis
1078 625 1176 688 papae
1196 604 1310 670 Ieorris
1332 607 1512 669 continetur
1531 607 1600 689 lrap.
1625 606 1660 668 V.

453 710 496 772 13.
540 708 581 773 Ut
602 709 741 772 decimae
764 708 869 791 pepuli
899 708 1080 770 dividantur
1105 709 1140 770 irr
1168 712 1317 790 quattuor
1336 715 1452 790 parteS,
1480 708 1512 771 id
1541 714 1588 771 est
1617 729 1681 771 urra
1706 728 1779 791 pars
1798 710 1956 791 episcope,

288 829 290 834 ·
351 812 412 874 alia
434 812 570 890 clericis,
591 812 683 874 tertia
702 810 907 894 pauperibus,
936 816 1047 893 quarta
1067 811 1101 871 in
1123 811 1253 873 eclesiae
1273 809 1399 872 fabricis
1419 810 1618 893 applicatum,
1646 812 1729 873 sicut
1758 812 1792 873 in
1819 810 1952 873 decretis

351 933 429 997 pape
451 912 566 977 Gelasii
587 915 767 976 continetur
786 932 851 996 cap.
868 911 1006 974 XXVII.
1989 935 2005 976 s

456 1017 497 1079 14.
538 1014 582 1078 Ut
602 1015 708 1078 viduis
730 1022 760 1079 et
779 1015 919 1098 pupillis,
944 1015 1075 1093 orfanis,
1101 1015 1201 1077 caecis
1222 1020 1253 1077 et
1273 1013 1393 1076 claudis
1414 1016 1580 1077 tuitionem
1607 1023 1702 1097 atque
1722 1014 1953 1079 adminiculum

351 1119 557 1201 inpertiamus
575 1118 665 1180 iuxta
686 1117 923 1200 possibilitatem
945 1122 1083 1179 nostram
1106 1116 1155 1178 vel
1177 1117 1272 1195 vires,
1299 1117 1381 1179 siout
1402 1117 1435 1178 in
1457 1124 1620 1199 praecepto
1642 1117 1750 1180 domui
1774 1119 1858 1200 regis
1880 1136 1956 1179 con-

351 1219 500 1282 tineturt.

454 1323 499 1386 15.
540 1319 587 1384 De
609 1319 889 1398 incantationibus,
916 1321 1057 1401 auguriis
1079 1320 1126 1381 vel
1148 1319 1397 1383 divinationibus
1423 1326 1453 1383 01
1473 1320 1512 1383 de
1534 1321 1582 1383 lris
1604 1322 1659 1403 qui
1681 1326 1881 1404 tempestates
1902 1320 1953 1383 vel

352 1424 413 1486 alia
432 1421 586 1485 maleficia
606 1422 727 1485 faciunt.
747 1422 862 1504 placuit
887 1428 993 1484 saneto
1015 1422 1164 1499 coneilio,
1187 1428 1236 1500 ut,
1257 1421 1451 1504 ubicumque
1464 1422 1682 1505 depraehensit
1699 1422 1830 1500 fuerint,
1850 1422 1957 1485 videat
1978 1447 2006 1486 ro

352 1524 590 1607 archipresbiter
610 1524 743 1587 diocesis
765 1524 862 1602 illius,
883 1530 918 1586 ut
937 1523 1178 1605 diligentissima
1195 1525 1427 1586 examinatione
1441 1525 1711 1606 constringantur,
1733 1526 1759 1586 si
1780 1524 1859 1587 ferte
1879 1543 1954 1587 cou-

352 1625 501 1688 fiteantur
521 1625 676 1688 malorum
707 1645 788 1708 quae
808 1631 989 1707 gesserunt3
1021 1625 1074 1688 sed
1097 1624 1157 1687 sub
1184 1625 1238 1687 tali
1266 1625 1479 1689 moderatione
1506 1626 1560 1688 1101
1583 1626 1691 1689 eadem
1718 1627 1887 1704 districtio,
1916 1646 1957 1690 ne

352 1729 450 1791 vitam
472 1728 617 1811 perdant,
638 1728 693 1791 sed
716 1734 751 1791 ut
772 1728 933 1791 salventur
953 1729 985 1789 in
1007 1738 1158 1805 carcerat,
1180 1746 1282 1809 usque
1297 1727 1375 1789 dum
1387 1726 1454 1790 Deo
1473 1729 1646 1811 inspirante
1659 1729 1834 1811 spondeant
1848 1747 1956 1792 emen·

354 1830 510 1893 dationem
532 1837 739 1913 peccatorum.
782 1829 822 1892 Et
843 1837 878 1892 nt
899 1829 1080 1892 nullatenus
1102 1849 1157 1911 per
1177 1829 1284 1912 aliqua
1306 1830 1445 1912 praemia
1466 1850 1484 1892 a
1506 1830 1675 1893 comitibus
1696 1831 1747 1893 vel
1766 1832 1956 1894 centenariis

354 1932 473 2015 absque
494 1932 632 1995 districta
654 1934 886 1995 examinatione
907 1933 1121 2007 remittantur3
1150 1937 1180 1993 et
1207 1932 1265 1994 lroc
1291 1933 1318 1993 si
1336 1932 1480 2010 fecerint,
1505 1932 1774 2015 archipresbiteri,
1801 1951 1876 1995 cunr
1897 1933 1957 1994 hoo
1978 1957 2006 1996 15

354 2036 569 2118 cognoverint,
597 2053 798 2116 nequaquam
821 2035 981 2116 episcopos
1002 2034 1102 2096 celare
1122 2035 1272 2112 audeaut,
1293 2039 1324 2096 et
1343 2033 1381 2096 ab
1404 2035 1572 2117 episcopis,
1599 2040 1634 2096 ut
1655 2033 1788 2115 dignum
1808 2040 1870 2114 est,
1895 2053 1953 2117 pro

354 2136 412 2199 hec
433 2137 648 2219 corripiantur.

456 2241 501 2303 16.
545 2238 587 2301 Ut
608 2257 718 2301 omnes
738 2237 900 2320 presbiteri
922 2238 1052 2300 doceant
1072 2238 1224 2321 populum
1238 2238 1375 2301 devitare
1390 2238 1545 2301 nefarium
1561 2239 1730 2301 iuramenti
1745 2258 1850 2317 usum,
1871 2239 1956 2300 sicut

354 2342 386 2403 in
409 2339 625 2403 Calcidonensi
647 2341 826 2402 continetur
845 2340 977 2402 coneilio
999 2359 1063 2423 cap.
1086 2339 1246 2402 XVHlll.

459 2444 501 2506 ll.
543 2442 586 2505 Ut
607 2441 716 2504 nullus
736 2461 777 2504 ex
798 2442 879 2504 clero
900 2442 1049 2504 feminam
1072 2461 1179 2506 seeum
1200 2444 1234 2504 in
1256 2443 1348 2505 demo
1371 2442 1511 2506 habitare
1527 2445 1685 2527 permittat
1706 2450 1832 2525 propter·
1855 2443 1959 2525 suspi-
1978 2468 2006 2506 so

355 2545 449 2607 tionis
471 2564 614 2623 causam,
642 2545 703 2606 nisi
730 2550 860 2606 matrem
883 2551 913 2606 01
941 2563 1079 2607 sorerem
1100 2551 1154 2607 aut
1179 2546 1322 2622 amitam,
1354 2546 1420 2608 sive
1446 2563 1499 2606 eas
1527 2564 1608 2627 quae
1635 2545 1832 2627 suspiciones
1858 2544 1959 2607 malas

356 2646 524 2728 effugiunt,
545 2647 627 2708 sicut
647 2647 680 2707 in
700 2644 819 2708 Nioeuo
840 2645 971 2707 coneilio
985 2645 1213 2709 continerrturss.
1254 2646 1288 2709 Si
1301 2647 1372 2727 quis
1387 2654 1457 2728 pest
1469 2649 1560 2709 istam
1575 2647 1829 2709 convenientiam
1844 2646 1958 2710 mulie·

355 2765 406 2809 res
427 2749 459 2809 in
481 2748 573 2809 domo
595 2768 653 2810 sua
673 2747 831 2821 habuerit,
852 2747 1041 2829 deponatur3
1064 2748 1090 2810 si
1112 2747 1245 2810 clericus
1266 2748 1325 2811 lroc
1346 2756 1541 2831 perpetratus
1559 2748 1670 2824 fuerit,
1692 2749 1826 2831 vapulet.

457 2851 503 2913 18.
546 2848 588 2912 Ut
608 2850 743 2911 claustra
761 2849 987 2911 monachorum
1009 2849 1079 2911 laici
1101 2868 1164 2910 non
1187 2851 1304 2913 intrent
1327 2869 1384 2913 neo
1399 2852 1576 2932 inquietent
1597 2852 1709 2914 fratres
1730 2851 1878 2933 degentes
1897 2849 1958 2913 sub

357 2950 493 3029 silentio,
515 2952 576 3013 nisi
597 2950 675 3014 ferte
697 2953 724 3014 si
747 2952 879 3014 maiores
900 2969 1050 3033 personae
1070 2952 1202 3030 fuerint,
1231 2951 1315 3033 quod
1337 2953 1468 3014 omniuo
1490 2953 1590 3016 vitare
1611 2973 1674 3016 rron
1696 2972 1875 3036 possumus.
1979 2978 2008 3020 aa

459 3055 503 3117 19.
545 3052 589 3116 Ut
610 3054 769 3115 novatiani
790 3054 845 3135 qui
866 3054 999 3116 veniunt
1021 3055 1052 3114 in
1079 3055 1269 3116 monasterio
1292 3072 1353 3115 nen
1375 3055 1567 3136 recipiantur
1593 3056 1627 3118 in
1652 3055 1761 3117 ordirre
1790 3073 1959 3138 congrega·

356 3155 465 3233 tionis,
493 3162 663 3237 antequam
684 3155 858 3218 secundum
880 3155 1021 3237 regulam
1041 3156 1175 3239 pleniter
1195 3157 1431 3234 examinentur,
1458 3162 1489 3219 01
1516 3176 1578 3219 non
1606 3168 1820 3240 preponantur
1846 3160 1960 3222 ceteris

356 3256 390 3318 in
411 3259 613 3337 monasterio,
641 3264 809 3340 autequam
833 3257 985 3339 regularis
1015 3258 1096 3320 vitare
1118 3257 1261 3320 ordinem
1287 3258 1420 3340 pleniter
1439 3258 1657 3338 edoceanturl,
1685 3260 1767 3322 sicut
1794 3261 1825 3322 in
1847 3262 1959 3345 regula

357 3361 457 3423 sancti
478 3358 639 3422 Benedicti
660 3359 868 3422 continetur9.

456 3463 503 3527 20.
547 3461 589 3525 Ut
609 3481 702 3525 nemo
723 3468 831 3524 utatur
849 3461 988 3540 cuculla,
1014 3462 1074 3524 nisi
1103 3463 1210 3544 quise
1231 3463 1375 3524 monaclri
1403 3471 1475 3525 veto
1505 3464 1742 3543 constrinxerit,
1773 3474 1829 3528 aut
1857 3467 1882 3529 si
1904 3486 1960 3530 ne·
1980 3487 2009 3528 ae

357 3565 485 3627 cessitas
506 3548 680 3647 poposcerit
700 3570 826 3647 prepter
845 3563 991 3646 frigorem
1012 3564 1179 3646 religiosus
1199 3564 1343 3627 sacerdos
1363 3571 1479 3627 utatur.

455 3668 503 3730 21.
547 3665 588 3729 Et
608 3673 645 3729 ut
665 3668 698 3728 in
720 3667 944 3729 monasterium
966 3666 1144 3750 puellarum
1172 3686 1236 3729 nou
1258 3668 1377 3730 intrent
1397 3667 1500 3729 elerici
1523 3685 1625 3750 neque
1644 3667 1730 3747 laici,
1752 3670 1812 3732 nisi
1833 3675 1960 3734 tantum

356 3769 507 3851 presbiter
532 3771 661 3833 missam
689 3776 820 3832 cantans
852 3768 901 3832 vel
927 3770 1137 3832 visitationem
1163 3768 1363 3832 infirmorum
1391 3768 1509 3832 faciens
1539 3771 1622 3832 heris
1647 3771 1887 3853 conpetentibus
1915 3776 1960 3836 et¹

357 3872 461 3934 statim
482 3878 579 3934 exeat.

455 3976 502 4038 ⁶22.
543 3973 587 4037 Ut
607 3974 697 4038 liceat
717 3974 988 4037 sanctimonialem
1009 3975 1136 4057 signum
1160 3974 1291 4039 eclesiae
1309 3975 1435 4058 pulsare
1455 3975 1614 4039 etlumen
1635 3976 1812 4039 accendere.
1979 3999 2009 4040 ss

456 4078 503 4140 23.
547 4076 767 4140 Admonemus
795 4077 923 4139 omuino
952 4095 1079 4139 omnem
1106 4077 1259 4159 populum
1286 4078 1494 4141 christianum
1522 4077 1561 4140 ab
1591 4077 1720 4142 inlicitis
1747 4087 1777 4142 01
1799 4079 1959 4144 sceleratis

357 4180 475 4261 nuptiis
496 4177 661 4242 abstinere.

455 4282 503 4344 24.
546 4280 590 4344 Ut
609 4281 755 4344 monachi
776 4281 815 4343 ad
837 4281 983 4343 convivia
1003 4281 1154 4343 laicorrrm
1174 4282 1306 4344 minime
1327 4281 1473 4345 accedere
1498 4289 1709 4365 praesumant.

456 4384 502 4447 21).
547 4383 607 4446 Utl
629 4384 684 4466 qui
705 4384 888 4446 monachico
915 4390 988 4446 vote
1015 4389 1062 4446 est
1082 4384 1273 4446 constitutus
1299 4383 1386 4446 nullo
1414 4384 1506 4446 modo
1532 4386 1744 4467 parroechiam
1773 4392 1877 4449 teneat
1896 4404 1957 4449 nec

357 4484 395 4547 ad
416 4485 527 4548 iuditia
548 4486 701 4549 secularia
721 4486 868 4549 accedere
888 4492 1109 4569 praesummat.
1977 4510 2007 4548 se

456 4589 504 4652 26.
546 4587 589 4651 Ut
609 4588 718 4651 nullus
739 4608 780 4652 err
800 4589 882 4651 clero
904 4588 1057 4651 domnum
1078 4607 1182 4671 regem
1195 4589 1370 4672 inquietare
1386 4588 1513 4664 audeat,
1534 4592 1704 4668 antequam
1722 4595 1849 4651 notetur
1862 4609 1960 4652 causa

357 4689 500 4771 episcopo
519 4709 586 4752 suo.
635 4689 675 4752 llt
696 4692 722 4753 si
745 4690 797 4753 ille
817 4691 948 4754 minime
968 4691 1104 4773 potuerit
1124 4689 1270 4768 definire,
1292 4698 1368 4755 tune
1389 4690 1502 4772 dirigat
1521 4707 1595 4751 eum
1616 4688 1655 4750 ad
1677 4691 1955 4773 metropolitanum

457 4955 483 5010 01
507 4957 691 5027 amplificetur
705 4977 728 5012 0.
734 4981 745 5028 ,·
764 4960 930 5030 amplicotur·
943 4959 1021 5012 allen.
1038 4967 1064 5012 et
1078 4958 1161 5012 Gella.
1248 4957 1452 5029 Oreprehensi
1469 4957 1530 5025 Tap.
1623 4954 1653 5026 gl
1674 4956 1778 5012 adtlicti
1793 4962 1862 5013 00101.
1878 4961 1958 5014 allon.

357 5034 421 5089 1101
443 5035 524 5089 Goth.
606 5037 635 5109 h)
657 5046 686 5094 et
696 5041 848 5095 doceantur
858 5057 882 5092 0.
963 5040 985 5101 11
1007 5046 1036 5094 91
1049 5057 1101 5092 om.
1116 5057 1137 5092 c.
1218 5039 1249 5110 k)
1270 5037 1410 5092 Anterierr'
1424 5038 1511 5107 eapite
1524 5036 1643 5088 iunctam
1656 5036 1684 5088 in
1697 5054 1721 5089 0.

461 5295 490 5347 61
510 5295 612 5361 l'r'duss,
626 5297 732 5361 erfone
742 5306 767 5351 st
781 5299 868 5351 minos
878 5299 1028 5368 potentibus
1039 5316 1071 5352 ns
1081 5300 1121 5352 010
1129 5301 1268 5368 fiatsecpe
1278 5296 1327 5350 sub
1334 5295 1421 5346 banno
1429 5295 1502 5364 repis
1510 5294 1642 5362 00110110οη
1656 5313 1691 5347 on
1702 5304 1803 5349 certam
1815 5300 1956 5366 quoddam
1977 5323 2007 5363 aa

353 5401 526 5463 praeceptam
537 5409 670 5445 canonum
681 5402 777 5446 arator
786 5397 911 5466 respiciat
922 5397 1070 5449 dubitatur.
1153 5394 1183 5466 7)
1199 5391 1423 5448 Cleomenem
1434 5392 1545 5445 00001111
1555 5409 1656 5445 canone
1665 5389 1701 5446 18
1717 5395 1751 5445 sle
1764 5395 1958 5448 000100011οηί-

357 5487 405 5541 bas
417 5490 458 5543 ecl
467 5490 706 5560 conspirationibus
718 5493 853 5545 statuitur.
936 5492 965 5561 8)
989 5493 1129 5548 00000003.
1211 5491 1241 5560 9)
1261 5491 1329 5559 Reo-
1341 5488 1446 5540 Bened-
1459 5507 1483 5541 c·
1492 5490 1537 5543 58.
