4380 6248
270 354 330 418 234
773 357 1059 413 ADDITAMENTA
1081 357 1135 413 AD
1158 358 1303 413 PIPPINI
1325 358 1376 413 ET

270 538 491 623 Fredegariuni
513 539 615 603 filiuni
635 539 787 603 Wicharii
808 538 918 603 habuit
935 538 1049 601 Walah

270 641 466 705 Alabornunr
487 641 590 705 filium
610 640 741 705 Tutonis
762 640 896 704 habuit*
919 640 1105 704 Vulvaldus.

844 867 915 948 he
960 864 1297 965 Angruriis:t

268 1029 389 1093 Bunun
410 1028 513 1092 lilium
534 1027 706 1092 Theotalrer
728 1027 838 1092 habuit
858 1027 1041 1092 Wiohartus

269 1132 448 1195 Altbertum
471 1130 572 1194 filium
590 1130 746 1194 Wilberni
770 1129 880 1194 habuit
900 1129 1048 1194 Sindbert
1069 1131 1241 1213 episeopus
1889 1149 1898 1185 s

268 1232 356 1297 Hetti
376 1232 480 1296 filium
501 1232 585 1315 llegi
606 1232 716 1296 habuit
737 1232 882 1316 Soiltung

268 1334 486 1398 Hadamarnm
513 1334 614 1398 filium
637 1334 784 1418 Sigimuri
811 1340 843 1398 et
869 1334 986 1398 Hittun
1011 1333 1114 1397 filium
1140 1333 1289 1398 Fridileih
1316 1341 1348 1398 et
1372 1334 1577 1399 Brunherum
1602 1334 1706 1400 filium
1735 1334 1869 1401 liutheri

369 1436 481 1500 habuit
500 1436 669 1500 Wolfoltus

267 1538 478 1603 Ditmannum
499 1539 601 1602 filiuni
623 1537 777 1602 Osmanni
800 1537 912 1601 habuit
930 1536 1045 1600 Waldo

267 1641 518 1705 Fridamundum
539 1640 642 1704 filium
662 1640 843 1703 Warmunti
864 1639 975 1703 habuit
995 1639 1168 1703 Einhartus
1189 1647 1220 1704 et
1240 1638 1418 1704 Macrinum
1441 1640 1543 1705 filium
1566 1640 1716 1725 liegitodi
1891 1656 1911 1695 11

268 1743 485 1807 Ruadhartum
506 1743 608 1806 filium
626 1741 780 1824 Danotagi
801 1742 912 1805 habuit
930 1741 1092 1805 Ruadhari

268 1845 495 1909 Hadabemum
517 1844 618 1908 filium
638 1845 772 1908 Witradi
795 1844 905 1907 habuit
925 1843 1049 1907 Reocho

270 1948 502 2011 Wolfurichum
524 1947 626 2010 filium
654 1947 797 2011 lloriohes
819 1946 928 2009 habuit
949 1946 1050 2030 Egino
1072 1948 1239 2030 episeopus

369 2052 499 2113 suntin
521 2070 647 2113 summa
668 2048 843 2112 XXXVII.

317 2207 412 2286 lsfi
455 2207 1149 2305 veniuntrulllogouthun
1191 2205 1364 2284 media
1406 2205 1843 2309 quadrugeshua.
1905 2234 1929 2274 o

312 2950 1155 3062 111111111111101111101118
1198 2952 1848 3067 EXAMINATIONIS.

371 3146 524 3225 Euocant
544 3165 577 3224 i'n
595 3161 663 3225 eod.
685 3162 991 3226 111111111114121.
1012 3161 1087 3225 olim
1109 3164 1141 3226 S.
1154 3162 1580 3227 Entmeram'ltaabbonam‘
1599 3164 1639 3227 G.
1660 3166 1726 3245 lll,
1738 3163 1810 3249 fol.
1821 3168 1896 3233 139.

371 3272 410 3333 Iu
434 3270 536 3354 Copia.
558 3269 729 3332 ilhbsoru-nt
743 3272 768 3333 u
782 3271 817 3346 3,
837 3270 897 3332 12
918 3269 1064 3354 legantur
1084 3270 1194 3332 verbo:
1223 3270 1265 3333 Ut
1285 3269 1460 3354 presbyteri
1481 3290 1546 3333 non
1567 3270 1758 3335 ordinentur
1780 3274 1897 3357 prius·
1916 3296 1946 3335 so

271 3395 367 3458 quam
388 3374 626 3449 examinentur,
653 3394 732 3455 quma
759 3372 793 3433 in
812 3370 922 3433 horum
942 3371 1153 3456 capelades-una
1173 3373 1378 3456 aleam-aptum
1398 3372 1585 3457 alloquatur.
1629 3372 1755 3451 Qiu'bata
1775 3374 1824 3441 de
1845 3402 1896 3443 re-

269 3478 328 3541 bus
348 3478 382 3539 ia
403 3475 463 3539 buo
482 3475 712 3537 ertrom'nuttbue
732 3474 773 3535 ob
794 3474 939 3557 episeopo
961 3473 1217 3559 ahter-rogandum
1237 3475 1293 3554 ait,
1314 3473 1552 3558 111111111111
1567 3497 1747 3559 proponoee
1766 3476 1897 3560 nolunt,

271 3604 351 3664 qaue
372 3574 928 3659 1111ιᾶ111111110111111011111
946 3576 1089 3659 praecito,
1106 3576 1305 3658 111111111αό
1326 3578 1470 3661 qatbcmro
1490 3575 1539 3640 vel
1556 3575 1800 3663 archiepiscopo
1816 3596 1900 3666 pm

269 3682 461 3745 <intractabili
484 3679 655 3763 compositu
674 3689 758 3740 111111.
1383 3678 1437 3757 (Β.
1459 3677 1560 3758 ὠθεῖ),
1585 3678 1624 3742 R
1645 3678 1674 3761 J,
1696 3680 1786 3761 Μ..)

377 3887 418 3960 In
446 3886 586 3986 palatio
615 3885 713 3984 regis
741 3885 934 3958 inventum
962 3885 1124 3980 habent,
1150 3899 1192 3958 ut
1218 3886 1429 3985 presbyteri
1455 3912 1530 3960 non
1557 3885 1782 3963 ordinentur
1917 3930 1947 3971 a

820 4007 1034 4106 priusquam
1062 4007 1329 4082 examinentur.

375 4204 398 4263 l.
419 4199 492 4284 Cap.
535 4154 710 4281 Interrogo
743 4217 817 4276 vos,
849 4196 1084 4280 presbiteri,
1120 4198 1278 4280 quomodo
1312 4198 1448 4263 credetis
1486 4206 1523 4262 ut
1555 4198 1651 4263 fidem
1692 4202 1895 4270 catholicam

270 4304 402 4366 teneatis
423 4322 480 4366 seu
502 4301 671 4366 simbolum
694 4307 725 4364 et
744 4301 919 4362 orationem
939 4300 1131 4362 dominicam
1152 4299 1310 4382 quomodo
1332 4301 1439 4363 solatis
1460 4300 1511 4365 vel
1531 4301 1723 4385 intellegitis.

370 4406 397 4470 2.
439 4406 583 4468 Canones
604 4409 724 4466 vestras
747 4401 906 4485 quomodo
928 4403 1028 4464 nostis
1051 4401 1098 4465 vel
1119 4401 1309 4485 intellegitis.

370 4510 397 4571 3.
438 4506 680 4571 Benitentialem
702 4503 860 4588 quomodo
883 4505 969 4567 scitis
990 4503 1039 4566 vel
1061 4503 1249 4587 intellegitis.
1916 4544 1946 4583 ,ο

370 4612 398 4672 1.
442 4608 573 4672 Missam
594 4614 730 4671 vestram
753 4605 929 4669 seeundum
950 4605 1092 4668 ordinem
1113 4603 1290 4669 Romanam
1315 4607 1473 4690 quomodo
1494 4607 1596 4671 nostis
1616 4607 1667 4671 vel
1687 4607 1896 4695 intellegitis

369 4713 399 4776 ὀ.
441 4709 652 4793 Euangelium
677 4707 836 4791 quomodo
857 4707 961 4791 legere
981 4708 1109 4790 potestis
1131 4707 1181 4770 vel
1200 4707 1279 4771 alios
1300 4710 1451 4792 inperitos
1471 4709 1598 4773 erudire
1616 4710 1756 4793 potestis

372 4815 399 4876 o.
442 4811 604 4874 Homelias
625 4810 871 4873 orthodoxorum
894 4815 1019 4893 patrum
1041 4810 1199 4891 quomodo
1213 4810 1393 4894 intellegitis
1415 4811 1463 4875 vel
1485 4811 1565 4875 alios
1586 4811 1746 4875 instruere
1770 4815 1899 4881 sciatis

372 4914 398 4977 l.
439 4912 587 4977 Officium
609 4913 755 4976 divinum
777 4912 953 4976 seeundum
979 4912 1077 4974 ritum
1097 4909 1313 4976 Romanorum
1341 4914 1372 4975 in
1396 4914 1523 4977 statutis
1549 4912 1826 4980 sollemnitatibus
1852 4918 1898 4983 ad

270 5014 494 5079 tecantandum
516 5014 675 5098 quomodo
696 5015 791 5078 scitis
1919 5053 1949 5095 ,5

369 5126 398 5182 8.
445 5115 666 5199 Bapnsterinm
688 5116 847 5201 quomodo
867 5114 968 5179 nostis
988 5115 1038 5178 vel
1059 5115 1247 5198 intellegitis.

371 5224 399 5282 u
443 5218 668 5283 Canonioos
688 5221 864 5302 interrogo,
884 5218 911 5280 si
933 5217 1110 5281 seeundum
1131 5237 1269 5281 oenones
1290 5220 1402 5282 vivant
1422 5238 1463 5282 an
1486 5238 1560 5282 nou.

376 5326 418 5385 111.
441 5320 506 5384 l'os
527 5329 649 5399 autem,
669 5320 844 5398 abbates,
870 5320 1043 5398 interrogo,
1070 5320 1097 5383 si
1118 5320 1259 5403 regulam
1281 5322 1369 5384 scitis
1390 5320 1441 5384 rel
1463 5320 1660 5405 intellegitis,
1685 5328 1719 5385 et
1738 5325 1803 5407 qui
1827 5326 1898 5392 sub

271 5424 426 5507 regimine
446 5429 551 5486 restro
572 5429 648 5486 sunt
669 5423 845 5487 seeundum
866 5421 1008 5504 regulam
1029 5420 1201 5485 beatissimi
1215 5421 1378 5486 Benedicti
1402 5423 1571 5487 niventon
1592 5442 1673 5503 non,
1693 5420 1747 5488 vel
1770 5430 1898 5511 quanti

272 5525 395 5588 illorum
417 5523 560 5607 regrdam
581 5524 682 5587 sciant
700 5531 756 5588 aut
775 5523 967 5607 intellegant.
1916 5560 1950 5603 ι.
