4418 6226
910 393 1024 447 LIBER
1044 392 1229 457 QUARTUS.
1811 392 1872 456 445

267 570 372 652 isqui
394 588 427 632 se
453 568 616 648 reclamat,
642 575 768 652 propter
795 588 887 632 suam
917 568 1082 632 stultitiam
1108 573 1164 631 aut
1191 570 1417 633 contumatiam
1447 571 1594 635 comitem
1622 572 1696 636 inde
1716 571 1871 655 appellare

267 671 383 750 noluit,
402 671 517 733 iterum
540 671 647 733 comiti
667 670 912 734 commendetur.

368 774 416 838 67.
458 769 632 835 Demissis
649 770 829 846 dominicis,
852 769 988 851 qnalder
1008 771 1176 835 meatum
1196 773 1478 853 empnadcbeant.
1523 773 1566 838 Ut
1586 776 1676 838 missi
1694 777 1794 839 nostri
1815 777 1872 859 qui

268 876 318 940 vel
345 876 482 959 episcopi
510 873 560 938 vel
589 873 717 938 abbates
744 874 795 938 vel
820 875 951 938 comites
980 879 1069 953 sunt,
1104 875 1258 957 quamdin
1284 895 1380 960 prope
1405 896 1500 940 suum
1530 875 1719 941 beneficium
1745 877 1872 958 firerint,

242 978 347 1041 anihil
366 978 406 1041 de
426 977 561 1040 aliorum
582 978 722 1040 coniecto
744 978 915 1061 accipiant3
937 983 1107 1061 postquam
1117 997 1191 1042 vero
1203 979 1277 1042 inde
1296 979 1390 1063 longe
1400 980 1599 1058 recesserint,
1619 984 1696 1042 tunc
1718 981 1873 1063 accipiant

268 1080 446 1144 secundum
467 1079 552 1163 quod
573 1080 607 1141 in
630 1098 688 1142 sua
709 1081 855 1143 tractoria
866 1081 1054 1144 continetur.
1099 1079 1192 1144 Vassi
1204 1100 1278 1145 vero
1294 1083 1395 1145 nostri
1416 1086 1448 1145 et
1468 1081 1687 1145 ministeriales
1707 1083 1763 1165 qui
1783 1083 1873 1146 missi

268 1187 358 1256 sunt,
382 1179 579 1263 ubicumque
599 1181 757 1260 venerint,
778 1182 957 1245 coniectum
976 1183 1139 1265 accipiant.

367 1285 415 1349 68.
458 1279 508 1345 De
528 1283 629 1344 vassrs
648 1280 815 1345 dominicis
835 1285 864 1344 et
891 1283 1101 1363 episommm
1125 1282 1172 1346 oei
1197 1284 1389 1365 reliquorum
1416 1284 1472 1364 qni
1490 1284 1526 1346 in
1546 1283 1629 1347 boste
1648 1304 1712 1348 non
1731 1285 1873 1365 fument.

267 1386 312 1450 Ut
331 1387 417 1450 vassi
446 1386 545 1449 nostri
571 1389 603 1448 et
626 1386 712 1448 vassi
739 1386 972 1468 episcoporum,
998 1385 1165 1464 abbatum,
1192 1386 1425 1450 abbatissarum
1453 1392 1484 1449 et
1510 1388 1677 1462 comitum,
1707 1389 1763 1471 qui
1790 1408 1873 1451 anno

226 1512 253 1550 m
267 1493 430 1572 praesente
450 1489 484 1550 in
504 1488 593 1551 hoste
614 1506 678 1550 non
698 1486 842 1567 filerunt,
868 1486 1079 1551 heribannum
1101 1488 1284 1567 rewadient;
1315 1490 1454 1572 exceptis
1473 1488 1523 1552 his
1544 1489 1600 1571 qui
1620 1495 1747 1573 propter
1767 1509 1874 1554 neces·

268 1592 368 1654 sarias
391 1608 504 1653 causas
525 1596 556 1652 et
583 1589 740 1652 adomno
767 1609 803 1651 ac
823 1591 965 1673 genitore
993 1597 1100 1653 nostro
1127 1589 1241 1653 Karolo
1268 1592 1454 1654 constitutas
1481 1590 1566 1653 domi
1593 1591 1715 1655 dimissi
1735 1591 1875 1672 fuerunt,

267 1693 299 1756 id
320 1698 380 1772 est,
406 1693 462 1775 qui
488 1711 507 1755 a
527 1693 642 1755 comite
662 1700 788 1775 propter
806 1710 917 1774 pacem
942 1692 1190 1755 conservandam
1211 1698 1242 1755 et
1261 1699 1387 1776 propter
1407 1693 1573 1776 coniugem
1595 1711 1632 1756 ac
1653 1693 1782 1757 domum
1805 1696 1874 1759 cius

268 1795 524 1875 custodiendam,
545 1799 575 1857 et
598 1793 637 1857 ab
657 1795 801 1878 episcopo
822 1792 873 1856 vel
892 1792 1004 1856 abbate
1023 1794 1071 1857 vel
1085 1793 1243 1858 abbatissa
1258 1795 1402 1858 similiter
1410 1799 1535 1877 propter
1555 1814 1665 1877 pacem
1686 1815 1875 1860 conservan-

268 1899 357 1978 dam,
377 1905 409 1962 et
428 1903 555 1981 propter
574 1896 682 1979 fruges
702 1895 894 1977 colligendas
914 1902 944 1958 et
965 1896 1115 1960 familiam
1129 1897 1407 1980 constringendam
1428 1904 1459 1961 et
1479 1898 1592 1960 missos
1612 1897 1808 1981 recipiendos
1829 1897 1876 1961 di·

230 2022 257 2062 rs
267 2002 357 2065 missi
378 2000 515 2064 fuerunt

368 2105 415 2168 69.
455 2101 505 2165 De
524 2100 688 2180 episcopia,
711 2098 873 2163 abbatibus
894 2103 921 2162 et
941 2099 1115 2175 oonsitrlms,
1138 2103 1166 2162 et
1188 2100 1227 2163 de
1240 2099 1359 2180 placito
1379 2099 1545 2163 nrisscrnrn
1557 2099 1791 2162 dominicorum.
1832 2101 1875 2164 Ut

268 2207 373 2268 omnis
396 2206 577 2288 episcopuS,
598 2201 695 2266 abbas
716 2207 747 2266 et
770 2220 890 2283 comes,
911 2210 1041 2286 excepta
1062 2203 1244 2267 infirmitate
1259 2204 1308 2267 vel
1330 2211 1437 2267 nostra
1457 2203 1613 2280 iussione,
1633 2202 1754 2266 nullam
1778 2223 1875 2267 excu-

269 2309 423 2370 sationem
445 2305 574 2383 habeat,
596 2306 673 2387 quin
696 2304 735 2366 ad
748 2304 898 2387 placitum
909 2306 1080 2368 missorum
1091 2312 1272 2368 nostrorum
1285 2307 1391 2369 veniat
1412 2312 1467 2368 ant
1486 2305 1579 2368 talem
1601 2305 1756 2368 vicarium
1779 2325 1874 2369 suum

269 2409 389 2488 mittat,
412 2408 467 2491 qui
488 2408 521 2468 in
542 2408 631 2469 omni
653 2425 749 2469 causa
769 2426 825 2489 pro
847 2406 900 2469 illo
921 2405 1050 2470 reddam
1071 2408 1224 2470 rationem
1245 2409 1366 2491 possit.⁸

229 2535 257 2572 20
369 2511 415 2574 to.
456 2507 505 2571 De
525 2507 673 2586 dispensa
694 2507 861 2571 mianum
880 2507 1115 2571 dominicorum.
1156 2507 1204 2573 De
1225 2510 1372 2593 dispensa
1389 2511 1560 2574 missorum
1580 2518 1774 2588 nostrorum,
1798 2529 1875 2593 qua·

271 2611 342 2674 liter
361 2611 535 2693 unicuique
554 2611 646 2673 iuxta
667 2631 757 2674 suam
782 2610 964 2693 qualitatem
985 2610 1125 2674 dandum
1148 2611 1197 2675 vel
1219 2612 1436 2696 accipiendum
1459 2613 1514 2690 sit,
1543 2612 1688 2676 videlicet
1708 2613 1874 2695 episcopob

272 2732 370 2796 panes
390 2713 615 2796 quadraginta,
635 2712 808 2796 friskingae
828 2718 906 2781 tres.
932 2713 971 2776 de
993 2719 1069 2797 potu
1090 2713 1187 2777 modii
1208 2719 1288 2785 tres,
1317 2714 1471 2796 porcellus
1492 2734 1594 2792 unus,
1621 2714 1700 2798 pulli
1721 2721 1797 2795 tres,
1815 2733 1875 2777 ova

272 2815 470 2899 quindecim,
492 2834 619 2879 annona
640 2816 679 2878 ad
699 2815 835 2879 caballos
855 2816 953 2879 modii
971 2821 1115 2899 quatuor.
1157 2814 1288 2894 Abbati,
1306 2816 1414 2879 comiti
1435 2821 1530 2899 atque
1548 2815 1747 2880 ministeriali
1767 2822 1874 2880 nostro

268 2919 445 3000 unicuique
466 2916 581 2980 dentur
598 2918 712 2981 cotidie
733 2937 831 3001 panes
850 2919 993 3001 triginta,
1020 2917 1192 3002 friskingae
1212 2918 1306 2999 duae,
1337 2918 1375 2982 de
1396 2925 1473 3002 potu
1493 2917 1591 2981 modii
1612 2917 1690 2997 duo,
1718 2917 1875 3002 porcellus

229 3039 368 3098 asunns,
388 3019 467 3102 pulli
487 3024 565 3097 tres,
586 3038 647 3082 ova
669 3019 867 3102 quindecim,
895 3039 1022 3083 annona
1044 3020 1084 3083 ad
1106 3019 1243 3084 caballos
1262 3020 1442 3085 modiitres
1483 3019 1627 3083 Vassullo
1652 3025 1757 3083 nostru
1778 3039 1876 3104 panes

270 3122 379 3185 decem
401 3126 432 3185 et
456 3128 592 3205 septem,
618 3121 772 3203 friskinga
792 3142 870 3193 una,
893 3121 1048 3205 porcellus
1070 3142 1169 3202 unus,
1190 3123 1229 3186 de
1250 3129 1326 3207 potu
1345 3123 1470 3186 modius
1491 3141 1589 3200 unus,
1619 3121 1697 3205 pulli
1718 3122 1794 3201 duo,
1816 3142 1876 3185 ova

269 3224 395 3296 decem,
418 3243 544 3287 annona
566 3224 605 3286 ad
626 3222 763 3287 caballos
785 3224 881 3287 modii
903 3224 989 3287 duo.b

370 3327 432 3390 ll.⁰
473 3321 523 3387 De
543 3344 575 3388 ec
595 3325 651 3404 qni
671 3325 707 3387 in
727 3325 834 3387 alieno
851 3324 962 3404 patria
982 3324 1021 3387 de
1032 3323 1169 3404 quotibet
1189 3345 1288 3388 consa
1307 3327 1407 3406 trinit
1425 3326 1651 3408 interpellatus.
1693 3327 1726 3392 Si
1748 3328 1821 3411 quis
1842 3328 1875 3389 in

270 3428 373 3492 aliena
393 3430 506 3512 patria,
536 3427 589 3492 ubi
620 3428 668 3491 vel
691 3434 817 3511 propter
837 3427 1026 3491 beneficium
1048 3427 1100 3491 vel
1127 3436 1256 3511 propter
1284 3429 1378 3492 aliam
1406 3430 1580 3513 quamlibet
1605 3431 1801 3493 occasionem
1822 3429 1876 3492 ad·

230 3554 257 3593 ao
270 3531 360 3594 sidue
381 3532 561 3594 conversari
583 3530 677 3607 solet,
699 3531 737 3593 de
761 3529 901 3612 qualibet
925 3549 1020 3593 causa
1039 3529 1135 3592 fuerit
1149 3530 1378 3613 interpellatus,
1399 3531 1488 3595 verbi
1507 3534 1607 3616 gratia
1628 3533 1667 3595 de
1688 3532 1875 3613 conquesitu

272 3653 330 3696 suo
351 3633 401 3696 vel
423 3633 461 3696 de
482 3634 649 3716 mancipiis
670 3633 752 3711 suiS,
780 3631 824 3694 ibi
851 3631 1029 3696 secundum
1056 3650 1149 3694 suam
1175 3632 1276 3715 legem
1296 3633 1450 3696 iustitiam
1477 3633 1587 3714 faciat,
1614 3643 1740 3698 etcum
1759 3631 1876 3695 talibus

269 3735 537 3814 coniuratoribus,
569 3735 679 3818 quales
700 3736 733 3797 in
755 3735 885 3798 eadem‘¹
906 3735 1055 3818 regione‘¹
1082 3733 1134 3796 vel
1153 3735 1314 3817 prouincia
1335 3753 1444 3798 secum
1465 3735 1579 3799 habere
1601 3737 1749 3820 potuerit,
1775 3734 1876 3817 legiti-

271 3857 359 3900 mmn
380 3842 613 3900 sacramentum
635 3838 725 3900 iuret
779 3836 921 3919 Excepto
949 3837 976 3899 si
1002 3837 1075 3919 quis
1095 3854 1170 3899 enm
1198 3835 1237 3899 de
1258 3843 1342 3899 statu
1364 3856 1438 3915 suo,
1464 3837 1495 3899 id
1520 3845 1568 3901 est
1592 3837 1630 3901 de
1650 3837 1792 3900 libertate
1818 3856 1877 3899 sua

272 3938 322 4002 vel
352 3938 391 4002 de
412 3939 581 4002 hereditate
607 3960 703 4022 quam
728 3941 756 4003 ei
779 3945 866 4023 pater
887 3958 967 4002 suus
992 3940 1131 4002 moriens
1160 3937 1339 4021 dereliquit,
1364 3937 1578 4022 appellaverit:
1609 3939 1647 4003 de
1674 3939 1724 4002 his
1751 3937 1876 4002 duobus

231 4062 258 4100 aa
274 4041 366 4104 liceat
386 4040 431 4103 illi
454 4049 685 4105 sacramentum
708 4043 741 4104 in
762 4042 863 4125 patria
884 4061 955 4114 sua,
984 4041 1016 4103 id
1039 4041 1137 4104 estin
1161 4039 1300 4124 legitimo
1321 4041 1371 4103 sui
1392 4042 1579 4105 sacramenti
1600 4042 1684 4119 loco,
1704 4040 1877 4104 iurandum

273 4143 397 4221 otierre3
420 4151 451 4207 et
471 4144 499 4207 is
522 4145 673 4226 quicum
695 4163 731 4207 eo
753 4144 911 4227 litigatur,
939 4144 966 4205 si
988 4143 1078 4222 uelit,
1104 4147 1256 4224 sequatur
1279 4141 1369 4205 illum
1396 4143 1430 4204 in
1460 4144 1593 4226 patriam
1621 4163 1712 4206 suam
1738 4143 1778 4205 ad
1799 4143 1877 4206 reci·

271 4245 424 4328 piendum
446 4246 524 4308 illud
546 4254 787 4309 sacramentnm.
827 4245 898 4330 lpse
920 4252 1025 4308 nmen
1046 4246 1147 4328 primo
1168 4245 1202 4307 in
1223 4244 1333 4308 eodem
1353 4244 1433 4324 loco,
1462 4245 1561 4308 idest
1583 4244 1637 4309 ubi
1658 4244 1876 4329 interpellatus

270 4352 333 4424 est,
360 4347 530 4411 satisfaciat
551 4355 615 4410 tam
637 4349 744 4411 comiti
772 4353 803 4412 et
823 4346 982 4411 iudicibus
1010 4366 1106 4430 quam
1134 4346 1313 4409 adversmm
1343 4365 1401 4410 suo
1427 4345 1561 4440 testibus
1585 4345 1762 4430 probando,
1791 4347 1875 4430 quod

271 4467 337 4512 rem
358 4468 440 4530 quae
461 4448 500 4512 ab
521 4468 558 4513 eo
580 4451 742 4532 quaeritur
762 4456 850 4533 pater
871 4468 950 4512 snus
970 4450 999 4512 ei
1018 4448 1204 4532 dereliquit.e

229 4576 257 4612 ao
371 4551 417 4615 72.
458 4550 508 4613 De
527 4549 679 4613 solutione
699 4554 794 4630 atque
813 4549 1028 4631 conpositione.
1070 4549 1113 4614 Ut
1139 4551 1244 4614 omnis
1265 4550 1378 4614 solutio
1403 4557 1498 4635 atque
1525 4552 1713 4634 conpositio,
1740 4552 1875 4635 quaein

271 4653 338 4735 lege
360 4651 461 4716 Salica
482 4654 673 4732 continetur,
702 4654 786 4716 inter
805 4652 943 4715 Francos
964 4670 1019 4736 per
1040 4652 1205 4715 duodecim
1226 4652 1429 4716 denariorum
1450 4652 1566 4716 solidos
1586 4658 1796 4736 conponatur,
1822 4671 1875 4715 ex-

271 4762 360 4838 cepto
382 4753 437 4817 ubi
460 4755 618 4818 contentio
641 4757 764 4817 contraf
790 4754 933 4818 Saxones
954 4759 985 4818 et
1005 4752 1164 4817 Frisiones
1184 4760 1293 4817 exorta
1312 4753 1421 4818 fuerit:
1449 4753 1493 4817 ibi
1514 4754 1663 4817 volumus
1686 4761 1722 4817 ut
1742 4753 1877 4837 quadra·

371 5110 398 5174 a)
420 5108 502 5160 codd.
514 5106 664 5177 cornplnres
674 5107 793 5159 inserunt
803 5107 854 5158 boc
865 5106 924 5159 loco
936 5105 1043 5176 caputii
1056 5123 1140 5176 supina
1150 5123 1216 5176 paq.
1225 5103 1284 5158 334
1296 5105 1405 5157 θάίίθηι.
1498 5104 1528 5172 b)
1550 5103 1876 5160 censentiendum

271 5188 309 5239 ita
323 5186 415 5240 baba:
431 5186 485 5240 XL
498 5203 584 5258 panes
594 5193 623 5241 et
634 5186 677 5241 ΙΙΙ
692 5203 776 5241 urnae
787 5186 822 5240 de
831 5192 899 5256 potu
911 5192 939 5239 ct
949 5185 992 5240 111
1003 5184 1136 5257 fringinge
1147 5193 1176 5240 et
1182 5184 1236 5238 XV
1247 5202 1299 5239 ora
1310 5190 1339 5238 et
1349 5183 1408 5237 IIII
1419 5184 1504 5238 modii
1517 5202 1643 5240 annonae
1655 5186 1741 5256 equis
1762 5185 1876 5257 Abbati,

230 5279 258 5318 to
272 5265 367 5320 comiti
381 5273 409 5322 et
419 5267 481 5321 aliis
493 5266 577 5320 XXX
586 5284 680 5337 panes,
691 5266 718 5320 11
726 5266 865 5332 victimae,
874 5267 929 5320 duo
940 5266 1034 5335 urni,l
1047 5265 1194 5337 porcellus,
1204 5264 1247 5319 111
1258 5264 1337 5336 pulli,
1347 5263 1401 5318 XV
1414 5280 1474 5329 ova,
1484 5264 1528 5318 111
1536 5265 1621 5319 modii
1631 5264 1755 5320 caballis.
1774 5266 1875 5322 Vasalo

272 5352 364 5400 rroatro
376 5346 445 5402 XVI
457 5363 552 5418 panes,
567 5346 736 5419 Ifrisginge,
752 5346 765 5400 1
777 5347 924 5417 porcellus,
941 5345 1033 5400 lurna
1044 5353 1136 5416 potus,
1150 5344 1179 5398 X
1192 5362 1250 5414 ova,
1270 5344 1299 5398 lI
1309 5343 1393 5398 modii
1405 5344 1526 5399 caballis.
1607 5345 1634 5415 c)
1658 5345 1744 5416 Cupp.
1757 5344 1876 5400 71-74

271 5426 396 5479 omittunt
407 5428 490 5480 codd.
503 5426 593 5479 I‘an'a.
606 5425 692 5483 4417.
701 5425 788 5496 4635,
797 5426 1077 5496 lrnpmcrrtaMoncc,
1089 5421 1195 5498 Gonia,
1206 5425 1290 5479 Vatic.
1299 5423 1377 5477 4159
1386 5432 1411 5477 ct
1423 5423 1610 5481 obcoecatus
1620 5427 1705 5479 sedin
1716 5444 1803 5496 marg.
1813 5429 1874 5481 cod.

271 5506 336 5559 Par.
344 5504 422 5559 4417
440 5507 565 5577 kqtrntar
574 5507 654 5560 ocrbc
662 5507 716 5562 Hic
726 5508 827 5562 desunt
838 5507 961 5577 capitula
971 5505 1026 5560 llll
1040 5507 1069 5560 in
1079 5503 1134 5561 fine
1146 5506 1210 5560 libri
1221 5505 1393 5577 requirenda
1471 5504 1500 5575 d)
1522 5507 1619 5561 eodem
1630 5524 1716 5577 regno
1728 5508 1790 5561 cod.
1800 5508 1875 5563 Mon.

273 5584 359 5640 3858.
427 5582 458 5652 θ)
479 5587 547 5641 Cori.
558 5586 634 5640 Mon
646 5587 723 5641 3853
735 5596 760 5641 ct
771 5587 843 5641 abac
851 5586 965 5640 Mortuo.
976 5587 1041 5640 olim
1050 5586 1168 5656 stain.
1179 5587 1298 5639 inser-unt
1310 5586 1361 5637 boc
1374 5584 1433 5638 loco
1445 5603 1505 5657 cop.
1516 5585 1534 5639 4
1546 5586 1707 5658 capitulani
1719 5586 1877 5642 Olonnarar's

229 5683 259 5724 oo
270 5666 495 5738 nqucpnrp.330
504 5666 819 5739 editi;iidemtamquam
828 5668 953 5722 ninnium
964 5665 1491 5738 addantciusdemcapitulun'acapuib.
1531 5665 1876 5738 Ointercod.Scbaffbns.

331 5780 373 5818 aa.
390 5779 573 5819 cursuraau
591 5780 609 5822 1.
1641 5764 1673 5818 57
