4418 6226
988 1189 1098 1326 Vl.

347 1432 753 1574 morsum
800 1430 1342 1571 srucnmnu
1386 1433 1754 1568 tumim

446 1639 788 1778 niuoso
832 1639 1132 1778 mono
1170 1638 1648 1815 insonum.

566 2179 662 2285 104.
694 2173 1085 2285 CAPITULA
1122 2174 1528 2285 nunnulon.

216 2386 229 2427 ⁵
348 2365 490 2470 beqitor
514 2395 611 2468 copmt
628 2385 771 2468 premam
806 2385 841 2446 im
867 2384 972 2448 codice
1005 2408 1159 2448 cononum
1190 2386 1392 2450 bibliothecae
1411 2386 1590 2450 Barbm'ma
1604 2385 1692 2451 2888.
1719 2383 1777 2467 (οἱ.
1794 2383 1856 2449 296

224 2499 227 2507 ’
240 2491 424 2576 praemisso
440 2491 660 2575 discreptione:
683 2490 796 2554 ‘Dicto
816 2492 902 2554 beati
918 2491 1041 2555 Koa-uli
1056 2493 1247 2576 a'riperotorre
1263 2516 1445 2578 procoma
1465 2493 1652 2577 oportunis’,
1673 2514 1753 2576 qaae
1764 2502 1852 2574 poct-

246 2615 334 2656 rema
360 2592 455 2655 verbo
487 2593 522 2655 in
547 2594 729 2656 memoriam
761 2605 908 2657 revocant
937 2593 1187 2658 Ilorictollmmls
1217 2596 1407 2680 capitulana
1433 2596 1582 2660 onm‘779
1611 2594 1853 2679 praefationem.

250 2691 433 2778 Capitidam
448 2717 586 2778 prorsus
606 2706 789 2778 comptum
810 2719 831 2757 a
852 2694 985 2760 librani>
1006 2695 1158 2759 traditum
1179 2710 1239 2780 eat,
1259 2710 1296 2760 at
1315 2697 1354 2762 de
1373 2699 1443 2782 ipso
1463 2697 1607 2761 tudrcam‘
1622 2699 1678 2760 υίω
1691 2699 1806 2781 poscit.

1381 2800 1434 2880 (Β.
1456 2799 1555 2879 decem·
1582 2799 1620 2862 P.
1642 2799 1749 2880 deest.)

206 2970 231 3011 ιο
350 2950 375 3011 1.
415 2948 671 3030 Adquisitionem
694 2955 800 3013 autem
821 2949 903 3013 facta
922 2950 1123 3033 percipienda
1143 2953 1330 3030 statuimus,
1349 2957 1387 3015 ut
1409 2951 1519 3014 nullus
1540 2949 1722 3014 hominibus
1737 2949 1853 3013 audeat

248 3050 519 3114 commendatione
544 3050 646 3114 facere
678 3051 718 3114 ad
749 3052 921 3115 monachos
955 3053 1017 3115 nisi
1043 3053 1185 3116 iussione
1210 3052 1315 3116 abbati
1344 3072 1418 3133 suo,
1449 3054 1525 3136 quia
1550 3053 1660 3116 eodem
1688 3051 1853 3135 scapulum

248 3152 396 3215 staminia
415 3158 487 3216 tene
512 3157 544 3216 et
569 3154 595 3216 si
620 3153 673 3217 fur
702 3155 824 3218 venen't
850 3159 943 3217 nocte
967 3173 1004 3217 ac
1030 3154 1095 3229 die,
1124 3155 1395 3219 commendatione
1423 3156 1560 3238 suscepi,
1586 3174 1644 3218 nec
1666 3153 1764 3218 abbas
1785 3172 1853 3217 suo.

248 3251 338 3317 Sicut
362 3253 478 3317 domno
503 3259 612 3317 nostro
641 3253 761 3318 Kerulo
790 3274 848 3319 rex
874 3254 1068 3318 Francorum
1095 3262 1126 3320 et
1152 3257 1276 3339 patritio
1303 3255 1521 3321 Romanorum
1548 3256 1651 3320 facere
1677 3257 1770 3319 iussit
1795 3275 1854 3338 pro

248 3373 345 3418 cause
365 3356 528 3439 oportunis
554 3361 585 3419 et
605 3357 632 3419 si
653 3358 828 3420 intentione
847 3357 983 3420 voluerit
1002 3358 1213 3438 committere,
1239 3365 1407 3441 componat
1432 3358 1548 3422 solidos
1568 3364 1709 3437 centum,
1735 3362 1766 3421 et
1786 3377 1852 3420 mo·

206 3455 371 3520 nonachus
391 3456 512 3520 inlesus
533 3464 721 3541 permaneat

350 3819 561 3903 Subnectam·
593 3840 628 3902 in
659 3838 764 3903 codice
794 3838 945 3902 Vaticano
975 3839 1102 3923 myricae
1135 3836 1313 3902 Chreti'mae
1327 3839 1390 3904 520
1418 3837 1596 3922 capitulum
1623 3837 1862 3903 Hortatolknat'

249 3946 408 4010 annc'7'1'9.
453 3946 548 4031 On'po
564 3968 702 4029 prorsus
722 3947 842 4008 incerto
861 3958 917 4008 art.
1376 3943 1430 4017 (B.
1452 3943 1552 4024 decan
1577 3943 1615 4007 P.
1636 3943 1748 4022 deest.)

350 4096 378 4160 2.
421 4094 468 4160 De
488 4096 725 4159 vocationibus²
746 4116 826 4178 quas
840 4096 961 4160 faciunt
974 4096 1110 4179 episcopi
1121 4097 1348 4179 praecipimus,
1368 4096 1474 4178 utqui
1488 4114 1542 4159 ees
1562 4095 1736 4178 neglexerit
1755 4095 1854 4179 tn'pli·

250 4199 328 4262 citer
347 4204 521 4281 componat.
563 4196 655 4273 Quod
674 4200 700 4262 si
716 4199 1012 4261 excommunicatus
1025 4199 1063 4262 ad
1078 4197 1320 4262 satisfactionem
1334 4198 1467 4277 venerit,
1489 4198 1638 4261 canonice
1651 4198 1850 4280 suscipiatur.

858 4441 1254 4453 ————-e-

207 4699 234 4738 2⁰
351 4667 493 4770 lepimr
513 4683 547 4745 in
564 4681 938 4767 codi‘chorrmberpcrwi
950 4680 1009 4764 fol.
1023 4681 1065 4745 32
1084 4681 1258 4744 mammem
1283 4690 1441 4764 tamquam
1457 4678 1575 4742 ‘XXX
1581 4681 1666 4763 cap!
1687 4683 1856 4745 cumeorum

251 4790 428 4877 capt‘titlom’
444 4789 599 4854 onnr‘803.
641 4786 791 4851 Fortasse
811 4787 1001 4871 capitulana
1022 4786 1183 4872 deperditi
1199 4809 1284 4871 pora
1305 4797 1359 4849 eat.
1443 4785 1498 4862 (Β.
1522 4785 1622 4865 deeat3
1648 4786 1686 4850 P.
1707 4785 1815 4868 deest.)

351 4942 379 5007 3.
420 4940 463 5004 Ut
484 4940 573 5003 missi
594 4939 693 5002 nostri
715 4957 874 5002 unacum
896 4939 989 5003 sociis
1010 4939 1066 5021 qui
1087 4939 1121 5000 in
1142 4957 1252 5002 eorum
1264 4956 1352 5001 scara
1363 4954 1561 5000 commanere
1570 4936 1719 5000 videntur
1737 4939 1856 5021 episco-

250 5044 313 5129 pis,
341 5041 523 5120 abbatibus,
551 5042 680 5105 comites
702 5060 758 5104 seu
779 5042 862 5104 vassi
885 5041 984 5104 nostri
1004 5041 1187 5103 cumomni
1213 5039 1416 5124 generalitate
1446 5040 1473 5102 si
1493 5056 1622 5103 necessa
1648 5038 1758 5121 fucrit,
1783 5039 1854 5103 ubi·

251 5162 390 5226 cumque
410 5144 456 5207 eis
476 5144 657 5206 iniunctum
676 5141 787 5221 suern,
808 5142 957 5206 fesfinare
977 5141 1152 5205 nullan'nus
1173 5142 1306 5205 tardent

206 5357 233 5398 ro
351 5343 379 5414 a)
400 5342 733 5398 excommunicationibus
749 5343 842 5395 cmm!

852 5556 1252 5565 ————-—-
