4380 6248
740 437 1002 496 CAPITULARIA
1023 438 1306 495 lffiuowixoica
1780 437 1817 500 21

319 623 343 683 1.
384 618 544 704 Ideoque¹
566 619 758 684 definitionis
778 627 905 684 nostrae
925 625 987 702 est,
1009 627 1044 684 ut
1064 641 1222 685 canonum
1242 627 1359 684 statuta
1373 621 1404 683 in
1423 619 1572 683 omnibus
1585 627 1821 703 conserventur,

213 734 244 786 et
265 722 350 806 quod
378 741 435 806 per
461 730 601 806 tempore
628 742 668 785 ex
700 722 759 785 boc
785 725 1045 805 praetenuissum
1068 728 1116 786 est
1141 723 1192 786 rel
1213 723 1329 787 dohaec
1353 723 1574 806 perpetualiter
1600 730 1818 803 conservetur;

214 827 257 887 ita
279 832 313 887 ut
334 826 479 908 episcopo
501 824 668 888 decedente
695 827 728 887 in
756 824 824 887 loco
845 823 964 903 ipsius,
992 827 1047 909 qui
1068 846 1086 888 a
1106 825 1345 909 metropolitano
1367 825 1504 888 ordinari
1525 824 1636 888 debeat
1654 845 1728 888 cum
1749 845 1821 909 pro·

214 924 414 1006 vincialibuS,
434 946 453 989 a
470 925 553 989 clero
573 929 603 989 et
618 924 734 1005 propalo
755 926 903 1009 eligebar,
926 928 952 989 si
972 928 1275 1011 personaeoudigna
1291 927 1401 1006 fuerit,
1420 945 1477 1010 per
1489 927 1718 990 ordinationem
1736 929 1820 1011 prin-

181 1027 491 1111 acipisordinetu13
521 1029 623 1092 certe‘1
651 1030 676 1091 si
705 1028 744 1092 de
772 1029 886 1111 palatio
915 1028 1057 1112 eligitur,
1084 1048 1140 1111 per
1159 1030 1308 1092 meritrmr
1336 1047 1487 1110 personae
1507 1035 1538 1091 et
1558 1029 1718 1092 doctrinae
1738 1029 1821 1092 ordi·

214 1137 314 1194 netur.
1706 1119 1708 1123 Α

313 1233 340 1296 2.
382 1231 446 1296 Ut²
474 1233 582 1296 nullus
609 1234 827 1316 episcoporum
850 1251 883 1295 se
904 1234 1030 1296 vivente
1051 1233 1146 1316 eligat
1164 1252 1392 1307 suooessorem,
1420 1232 1475 1295 sed
1494 1238 1571 1295 tunc
1591 1232 1673 1295 alius
1693 1234 1722 1295 ei
1744 1233 1819 1296 sub·

214 1334 378 1415 stituatur,
406 1354 480 1398 cum
500 1335 604 1397 taliter
624 1333 816 1415 afficeretur,
845 1341 881 1397 ut
907 1334 1070 1399 eeclesiam
1098 1355 1189 1398 suam
1215 1354 1273 1398 nee
1299 1335 1417 1398 olerum
1438 1352 1547 1418 regere
1567 1336 1674 1418 possit.
1717 1333 1820 1398 Idem·

214 1454 277 1518 que
311 1441 347 1499 ut
373 1437 483 1500 nullus
509 1438 637 1501 vivente
663 1438 807 1520 episcopo
836 1437 984 1519 adoptare
1014 1437 1118 1500 locum
1139 1438 1208 1501 eius
1236 1443 1431 1519 praesumat3
1460 1436 1546 1519 quod
1574 1438 1600 1498 ai
1622 1439 1760 1520 petierit,
1790 1439 1819 1501 ei

169 1558 195 1595 ao
213 1539 352 1602 menime
372 1537 537 1602 tribuatur.

312 1642 341 1705 3.
383 1639 438 1704 Si³
456 1642 528 1724 quis
549 1641 704 1721 clerecuS,
725 1641 866 1725 quolibet
885 1641 1004 1703 honore
1025 1642 1181 1722 monitus,
1203 1643 1236 1703 in
1259 1644 1413 1705 contimtu
1434 1643 1579 1726 episcopo
1592 1661 1650 1706 suo
1666 1642 1716 1705 vel
1730 1660 1818 1725 prae·

214 1742 374 1823 termisso,
402 1742 443 1806 ad
469 1745 643 1827 principem
671 1743 784 1807 autad
806 1744 991 1825 potentioris
1012 1762 1155 1825 quasque
1175 1762 1325 1826 personas
1346 1742 1508 1807 ambulem
1531 1743 1580 1806 vel
1603 1742 1663 1806 sibi
1684 1744 1816 1827 patroci-

214 1844 267 1905 nia
292 1844 419 1928 elegerit
445 1846 673 1928 expetendum,
702 1865 767 1908 non
788 1845 972 1927 recipiatur,
999 1852 1121 1928 praeter
1148 1846 1174 1907 si
1202 1864 1258 1927 pro
1278 1846 1403 1907 veniam
1426 1845 1558 1908 vedetur
1583 1852 1736 1929 expetere.
1777 1843 1819 1908 Et

213 1947 240 2009 si
261 1966 317 2029 pro
345 1947 484 2030 qualebit
511 1967 607 2012 carisa
627 1947 666 2010 ad
688 1948 863 2030 principem
883 1947 1048 2030 expetierit
1067 1953 1098 2009 et
1127 1965 1200 2009 cum
1230 1947 1329 2029 ipsius
1352 1948 1502 2031 principis
1523 1947 1651 2030 epistola
1680 1946 1719 2009 ad
1749 1948 1813 2030 api-

166 2069 193 2107 n
212 2067 305 2132 scopo
332 2069 391 2113 suo
425 2050 521 2113 favent
548 2068 708 2129 reversus,
744 2056 915 2113 ascematus
945 2049 1122 2130 recipiatur.
1165 2046 1225 2110 His
1251 2049 1306 2130 qui
1335 2049 1438 2131 ipsum
1468 2055 1537 2132 post
1571 2048 1818 2112 admonitionem

211 2149 356 2233 pontefici
378 2171 437 2215 suo
456 2159 598 2215 retenere
617 2153 878 2236 praesumpserit,
900 2170 920 2214 a
937 2156 1045 2214 sancto
1066 2153 1290 2214 communione
1311 2153 1459 2234 privetur.

313 2254 341 2317 4„
381 2253 445 2317 Ut⁴
471 2254 597 2317 nullum
624 2252 767 2316 iudicum
793 2253 831 2317 de
861 2251 1000 2336 qualebit
1025 2252 1134 2315 ordine
1156 2252 1295 2316 elereous
1317 2253 1356 2316 de
1376 2252 1522 2315 civilibus
1543 2254 1665 2331 causis,
1695 2260 1819 2335 praeter

209 2354 373 2418 cr'inrinale
391 2358 541 2438 negucia,
561 2375 617 2438 per
638 2374 671 2418 se
691 2356 876 2437 distringere
897 2360 953 2418 aut
973 2355 1123 2417 damnare
1136 2362 1330 2438 praesumat,
1350 2356 1410 2418 nisi
1424 2356 1600 2418 convicitur
1614 2353 1818 2433 menelestus,

210 2462 339 2539 excepto
361 2456 542 2539 presbytero
563 2463 619 2520 aut
640 2457 778 2519 diacono.
820 2454 883 2532 Qui
905 2458 1043 2519 convicti
1063 2457 1181 2520 fuerint
1202 2456 1241 2520 de
1261 2458 1393 2520 crimine
1413 2457 1552 2540 capitali,
1573 2459 1663 2520 iuxta
1678 2474 1817 2519 canones

162 2576 190 2610 aa
210 2555 438 2640 distringantur
456 2563 487 2621 et
507 2558 603 2622 eum⁵
623 2558 832 2642 ponteficibus
854 2559 1109 2622 examinenturss.

308 2662 336 2725 ὁ.
377 2657 468 2734 Quod
490 2662 518 2723 si
537 2680 633 2724 carisa
651 2662 734 2723 inter
752 2680 920 2743 personam
942 2659 1101 2744 publicam
1123 2665 1153 2723 et
1174 2659 1357 2724 hominibus
1377 2661 1527 2724 ecelesiae
1547 2662 1682 2737 steterit,
1699 2661 1816 2742 pariter

208 2761 248 2824 ab
279 2770 413 2846 utraque
436 2769 556 2846 partem
577 2764 744 2845 praepositi
772 2763 976 2825 ecclesiarum
998 2771 1029 2825 et
1049 2762 1146 2825 iudex
1167 2762 1315 2845 publicus
1342 2764 1374 2825 in
1394 2763 1555 2826 audientia
1575 2761 1701 2845 publiea
1720 2760 1818 2845 positi

209 2883 263 2927 eoa
283 2863 417 2927 debeant
437 2864 583 2927 iudicare.

310 2969 337 3033 6.
380 2949 599 3049 Cuicumquel
625 2966 791 3046 defunctu,
823 2969 850 3030 si
879 2968 1046 3030 intestatus
1066 2966 1249 3047 decesserit,
1271 2968 1439 3050 propinqui
1458 2966 1578 3048 absque
1598 2967 1817 3029 contrarietate

162 3068 352 3132 uindicem
374 3069 408 3131 in
430 3070 500 3132 eius
520 3068 700 3132 facultatem
721 3071 812 3133 iuxta
833 3070 934 3152 legem
957 3068 1137 3132 succedant.

309 3310 338 3381 d)
360 3313 404 3367 vel
425 3320 499 3367 corte
521 3314 604 3366 Sirra.

311 3560 339 3627 1)
363 3559 465 3614 Ceocil.
485 3561 575 3613 Itale.
596 3579 656 3613 cava
680 3563 716 3616 l.:
744 3562 838 3616 Primo
860 3562 888 3615 in
910 3563 972 3616 loco
994 3570 1024 3616 ut
1045 3580 1182 3617 canonum
1204 3562 1331 3616 instituta
1351 3562 1379 3615 iu
1400 3562 1530 3616 omnibus
1551 3568 1759 3629 conserventur,
1787 3570 1815 3615 et

208 3660 281 3728 quod
302 3676 352 3730 per
371 3661 519 3731 praeterita
538 3670 694 3730 temporum
718 3660 812 3730 spacia
827 3659 1049 3730 praetermissum
1072 3666 1114 3713 est
1133 3660 1176 3713 vel
1197 3660 1328 3729 deinceps
1350 3660 1548 3729 perpetualiter
1568 3660 1734 3714 observetur.
1776 3659 1815 3714 Ut

209 3757 359 3811 decedente
386 3758 516 3829 episcopo
545 3759 606 3812 loeo
628 3758 714 3828 ipsius
740 3758 788 3811 ille
809 3756 917 3812 Christo
938 3757 1058 3828 propitio
1078 3757 1180 3811 debeat
1207 3756 1325 3810 ordinari
1348 3775 1430 3827 quem
1452 3757 1694 3827 metropolitauus,
1721 3774 1814 3826 aquo

161 3878 190 3916 ω
208 3854 374 3909 ordinandus
395 3862 451 3924 est,
479 3874 542 3909 oum
570 3855 787 3926 provincialibus
814 3855 870 3909 auis
897 3856 987 3909 clervrs
1013 3855 1057 3909 vel
1084 3855 1204 3924 populus
1232 3854 1351 3908 civitatis
1377 3855 1482 3925 absque
1510 3855 1567 3908 ullo
1595 3854 1741 3908 commodo
1770 3854 1813 3907 vel

207 3951 322 4007 dacione
343 3953 477 4023 pecuniae
491 3953 639 4023 elegerint,
659 3953 760 4008 debeat
781 3953 926 4023 opiscopus
947 3952 1107 4007 consecrari.
1141 3950 1221 4016 Quod
1242 3952 1264 4005 si
1280 3952 1360 4006 aliter
1380 3960 1429 4006 aut
1443 3960 1580 4022 potestate
1601 3952 1744 4022 subrepat,
1765 3959 1817 4006 aut

208 4066 381 4120 (quacumque
402 4051 579 4123 neglegentia
599 4051 703 4121 absque
717 4051 846 4105 elictione
859 4050 1078 4120 metropolitani,
1099 4049 1164 4103 cleri
1182 4049 1371 4103 eorisensuvel
1392 4049 1493 4103 civium
1515 4049 1598 4103 fuerit
1619 4050 1647 4102 in
1669 4048 1813 4102 ecclesiam

208 4147 393 4215 intromissus,
421 4148 556 4203 ordinatio
585 4149 670 4218 ipsius
696 4149 847 4203 seeundum
871 4154 974 4201 startuta
995 4155 1102 4217 patrum
1126 4147 1215 4202 inreta
1237 4146 1376 4201 habeatur.
1471 4146 1501 4215 ⁶2)
1525 4147 1627 4200 tbacil.
1648 4164 1707 4198 carr.
1723 4145 1754 4199 2:
1777 4144 1818 4201 Ut

208 4243 300 4298 nullus
321 4245 512 4316 episcoporum
535 4264 564 4300 se
584 4246 693 4301 vivente
714 4246 798 4300 alium
821 4246 849 4298 in
870 4246 932 4300 loco
954 4264 1003 4299 suo
1024 4264 1080 4298 nou
1102 4245 1193 4317 elegat
1214 4264 1264 4298 uam
1286 4244 1495 4315 qualiscumque
1516 4262 1633 4314 persona
1653 4244 1702 4297 illo
1720 4260 1815 4313 super·

161 4359 189 4400 ³⁶
207 4341 272 4397 stite
300 4343 393 4397 locum
421 4343 508 4414 ipsius
534 4344 585 4398 sub
611 4362 787 4414 quocumque
814 4351 978 4414 argumento
1004 4344 1049 4396 vel
1075 4343 1188 4413 ingenio
1216 4344 1346 4413 adoptare
1374 4349 1530 4411 praesumat
1558 4359 1647 4395 neca
1673 4358 1812 4410 quoquam

207 4440 309 4495 ‹lebeat
328 4441 462 4510 ordinari,
489 4441 541 4495 rriai
563 4449 654 4497 certae
675 4441 847 4495 conditiones
868 4441 1014 4495 exteterint
1040 4448 1071 4494 ut
1091 4441 1235 4495 ecclesiam
1257 4458 1333 4493 stram
1356 4446 1384 4493 et
1405 4438 1508 4493 elerum
1529 4456 1624 4509 regere
1646 4457 1701 4491 uon
1721 4418 1816 4507 possit,

206 4537 238 4590 31·
260 4537 362 4592 (baril.
383 4556 445 4592 ean.
460 4539 491 4592 3:
512 4538 553 4595 Ut
572 4539 595 4592 si
617 4539 678 4609 apriis
699 4539 828 4607 clericus,
850 4539 977 4607 quolibet
997 4539 1101 4592 honore
1123 4539 1258 4606 monitus,
1280 4544 1420 4591 contemto
1436 4535 1566 4606 episeopo
1587 4554 1637 4590 suo
1657 4536 1692 4589 ad
1713 4534 1813 4606 prinei·

207 4653 269 4705 prem
291 4636 334 4691 vel
354 4637 389 4690 ad
409 4637 573 4706 potentioris
594 4636 714 4690 hominis
733 4636 777 4690 vel
800 4635 847 4689 ubi
869 4643 897 4690 et
919 4636 966 4689 ubi
989 4636 1131 4690 ambulare
1152 4636 1196 4689 vel
1217 4635 1269 4689 sibi
1290 4642 1421 4705 patronos
1442 4633 1570 4704 elegerit,
1590 4652 1645 4688 non
1663 4632 1813 4703 recipiatur

206 4743 315 4803 praeter
335 4741 365 4787 ut
385 4733 494 4788 veniam
515 4733 614 4788 debeat
634 4733 791 4803 promereri.
844 4733 925 4795 Quod
946 4733 968 4786 si
989 4732 1088 4787 fecerit
1110 4729 1156 4804 [et]
1178 4733 1201 4785 ia
1222 4732 1268 4803 qui
1291 4732 1380 4802 ipsum
1401 4738 1465 4801 post
1485 4730 1701 4785 admonitionem
1716 4736 1812 4800 ponte·

159 4829 267 4886 seticis
287 4832 328 4886 sui
349 4832 468 4887 retinere
488 4831 713 4902 praesumpserit,
740 4830 871 4884 noverint
898 4848 927 4885 se
949 4837 1096 4901 utrumqne
1121 4831 1243 4899 priorum
1271 4847 1408 4883 canonum
1429 4828 1583 4883 sententiae
1604 4846 1663 4883 esse
1683 4828 1813 4882 minnan·

206 4930 262 4984 dos
343 4928 374 4997 4)
397 4928 499 4983 Concil.
520 4947 581 4982 eoa.
598 4927 631 4981 4:
659 4926 697 4983 Ut
724 4927 816 4982 trullus
845 4927 966 4982 iudicum
988 4945 1079 4998 neque
1099 4926 1291 4998 presbyterum
1320 4944 1409 4996 noque
1435 4926 1584 4982 diaconum
1609 4926 1653 4981 vel
1674 4926 1811 4980 clerecum

205 5034 254 5080 aut
274 5025 389 5079 iunioris
416 5025 567 5080 aecclesiae
590 5027 652 5079 sine
679 5024 795 5079 scient-ia
814 5022 961 5094 pontefieis
981 5043 1030 5095 per
1049 5043 1079 5080 se.
1099 5025 1247 5095 ‹listringat
1266 5030 1315 5078 aut
1333 5024 1465 5079 damam
1485 5031 1648 5094 praesumat.
1689 5022 1814 5087 Quodsi

206 5123 318 5191 feeerit,
344 5121 381 5176 ab
401 5122 520 5177 eeclesia
548 5122 592 5176 cui
614 5122 743 5176 iniuriam
772 5122 898 5193 inrogare
920 5122 1093 5193 dignuseitur
1112 5130 1169 5177 tam
1190 5122 1239 5176 diu
1260 5121 1296 5175 sit
1315 5121 1497 5191 sequistratna
1516 5120 1646 5192 quamdiu
1665 5127 1743 5176 reato
1762 5136 1814 5176 sne

206 5227 332 5291 cor-regat
352 5227 381 5274 et
401 5219 529 5274 emendit.
618 5218 647 5272 bl
669 5238 730 5272 eam
751 5248 781 5268 =
805 5239 831 5271 a.
922 5218 951 5281 ot
974 5218 1033 5288 (ζὴ.
1055 5221 1096 5272 ad
1115 5220 1166 5273 boc
1185 5227 1268 5290 copul
1296 5218 1499 5288 oepslicoadm
1526 5219 1561 5271 dc
1586 5236 1640 5287 qao
1663 5218 1816 5290 saepedum

160 5335 189 5373 ss
205 5318 372 5388 ‹tiqrtttotum
392 5325 438 5383 eat,
459 5315 543 5370 &itm
563 5317 591 5368 ia
608 5317 767 5384 Zes'tseludft
785 5318 836 5382 fair
856 5316 1047 5370 Kircdcareelrt
1068 5317 1120 5370 IX.
1139 5336 1185 5387 pp.
1202 5316 1260 5371 209
1281 5324 1307 5369 et
1325 5332 1384 5386 sqq.
1404 5324 1430 5368 ot
1450 5314 1507 5369 257
1528 5332 1584 5385 sqq.
1631 5314 1728 5382 Wat‘ts,
1752 5314 1814 5369 Ver-

198 5415 475 5484 samuqapsaeds'cdte
488 5415 528 5467 ΙΙ.
544 5413 610 5467 488.
624 5433 665 5483 aq.
680 5414 707 5466 in
727 5414 864 5467 cda'titsbaa
875 5416 1009 5479 aoermrla,
1028 5421 1054 5467 et
1073 5415 1109 5467 E.
1123 5415 1252 5483 Ιιοοηίιιρ,
1274 5412 1431 5469 omittebas
1450 5412 1500 5465 da
1518 5412 1663 5465 mma
1681 5410 1813 5466 Kisthen-

207 5512 291 5565 reeltta
310 5511 351 5565 ΙΙ.
374 5511 552 5565 tao-532.
654 5510 682 5577 7¹,-
711 5511 755 5564 Dc
782 5513 943 5564 testamentis
967 5519 993 5564 et
1016 5512 1207 5565 ἀοηαιίοηῶω
1233 5530 1252 5565 a
1277 5511 1382 5565 amaa
1399 5511 1490 5580 fractis
1515 5508 1677 5563 Paridem
1702 5508 1814 5563 mal&

206 5624 306 5663 sunem
325 5610 428 5662 deciam
448 5609 547 5678 agitur.
595 5611 644 5663 Ad
670 5609 721 5662 doc
741 5609 843 5662 decreti
860 5616 942 5680 ceput
960 5612 1119 5679 conseratur
1140 5608 1295 5664 Cbletdosis'
1311 5609 1353 5663 ΙΙ.
1370 5607 1528 5681 praeceptio
1547 5605 1648 5679 (um
1662 5624 1730 5679 m.
1752 5604 1812 5679 18).

205 5724 266 5778 cop.
287 5705 315 5759 2.
