4380 6248
267 339 330 405 304
923 339 1149 399 HLUDOWICI
1170 341 1223 396 ΡΙ]
1301 348 1305 353 ’

270 521 375 604 potius
407 538 463 603 pro
493 524 702 602 utrorumque
732 518 815 582 bono
844 518 948 582 studio
978 518 1174 582 remunerari
1206 537 1391 581 mereamur.
1448 515 1492 579 Et
1520 515 1719 600 ubicumque
1745 535 1801 600 per
1824 536 1872 581 ne·

270 621 459 706 glegentiam
482 620 604 684 abbatis
625 631 680 684 aut
709 620 885 684 abbatissae
913 620 964 684 vel
983 621 1106 683 comitis
1136 620 1204 684 sive
1231 621 1316 683 vassi
1344 621 1442 682 nostri
1468 625 1524 682 aut
1552 618 1689 682 alicuius
1710 618 1873 682 cuiuslibet

271 743 422 808 personae
443 722 572 806 aliquod
600 722 690 786 vobis
710 722 904 786 difficultatis
929 724 962 786 in
990 722 1049 786 hoc
1071 723 1250 805 apparuerit
1272 721 1487 801 obstaculum,
1513 728 1639 784 nostrae
1664 721 1873 785 dinoscentiae

272 827 302 889 id
325 826 363 889 ad
385 833 511 909 tempus
531 825 694 888 insinuare
717 844 783 887 nou
804 824 970 905 differatis,
992 831 1039 903 ut,
1059 832 1166 887 nostro
1185 823 1306 888 auxilio
1322 823 1455 904 suffulti,
1474 823 1561 907 quod
1583 830 1689 887 vestra
1709 824 1873 887 auctoritas

273 929 427 1012 exposcit,
451 927 624 991 famulante
643 934 679 990 ut
700 927 788 990 decet
808 932 960 1011 potestate
983 933 1105 1006 nostra,
1128 926 1252 989 facibus
1273 925 1422 1010 perficere
1442 926 1579 991 valeatis
1893 944 1907 986 a

372 1031 399 1096 5.
441 1028 488 1094 De
503 1028 717 1093 sacerdotibus
736 1048 810 1092 vero
824 1028 864 1092 ad
880 1035 1018 1092 vestram
1031 1048 1141 1092 curam
1154 1028 1387 1112 pertinentibus
1397 1048 1550 1112 magnum
1562 1027 1710 1092 adhibete
1727 1027 1874 1107 studium,

273 1139 321 1214 ut,
342 1132 477 1216 qualiter
496 1133 602 1195 vivere
628 1131 762 1194 debeant
787 1137 817 1195 ct
845 1130 1002 1214 quomodo
1030 1130 1156 1215 populis
1183 1131 1223 1194 ad
1251 1126 1327 1195 suae
1346 1132 1499 1215 portionis
1518 1151 1629 1195 curam
1646 1130 1873 1215 pertinentibus

272 1235 418 1320 exemplo
437 1242 468 1298 ct
485 1234 580 1297 verbo
602 1234 736 1318 prosint,
766 1232 896 1296 avobis
917 1253 991 1296 curu
1012 1253 1129 1315 magna
1150 1253 1226 1296 cura
1248 1233 1457 1297 edoceanturb
1478 1239 1509 1298 et
1527 1233 1762 1297 admoneantur
1778 1240 1824 1309 et,
1843 1246 1874 1296 ut

273 1337 304 1400 id
326 1337 427 1400 facere
447 1336 609 1416 studeant,
634 1343 739 1399 vestra
760 1335 932 1419 pontificali
952 1336 1136 1399 auctoritato
1154 1337 1427 1417 constringantur3
1460 1335 1612 1420 quicquid
1633 1342 1742 1399 autem
1762 1336 1797 1398 in
1818 1335 1873 1399 illis

273 1461 291 1503 a
311 1439 436 1523 populis
456 1440 539 1502 iuste
558 1437 812 1521 reprehenditur,
832 1439 867 1500 in
886 1438 1030 1521 exemplo
1046 1438 1190 1521 propriae
1210 1439 1458 1501 conversationis
1477 1436 1794 1522 vasnaprovidentia
1812 1456 1904 1502 cor-n

273 1543 373 1625 rigere
394 1561 459 1605 non
480 1541 633 1624 neglegat.
675 1539 724 1603 Ne
746 1558 819 1603 vero
840 1539 989 1603 ecclesiae
1010 1537 1072 1602 illis
1093 1540 1281 1604 commissae
1309 1541 1341 1602 in
1364 1541 1592 1604 restauratione
1612 1541 1722 1604 autin
1743 1540 1874 1604 lumina-

273 1645 330 1707 n'is
349 1645 438 1706 iuxta
460 1641 699 1727 possibilitatem
719 1661 827 1705 rerum
849 1640 887 1704 ab
914 1640 977 1704 illis
999 1641 1221 1725 neglegantur,
1247 1649 1350 1704 vestra
1372 1641 1580 1706 nihilominus
1600 1642 1770 1726 invigilare
1789 1641 1876 1706 debet

273 1745 423 1823 sollertia3
445 1753 477 1809 et
500 1746 582 1808 sicut
602 1744 680 1807 alios
699 1743 883 1828 prohibetiS,
904 1761 945 1806 ue
965 1742 1004 1807 de
1024 1745 1146 1807 mansis
1165 1743 1204 1806 ad
1227 1743 1375 1806 ecclesiae
1394 1742 1564 1807 luminaria
1585 1743 1667 1808 datis
1688 1743 1811 1828 aliquid
1827 1764 1875 1807 ac-

272 1849 405 1932 cipiant,
426 1849 471 1910 sic
491 1853 522 1912 et
542 1866 599 1910 vos
620 1852 651 1910 et
663 1847 758 1908 vestri
773 1845 1163 1909 archidiaconideeisdem
1183 1845 1303 1908 mansis
1322 1844 1401 1907 nihil
1412 1846 1592 1929 accipiendo
1612 1844 1874 1930 aliisexemplum

273 1949 461 2033 praebeatis,
492 1949 546 2012 sed
570 1949 676 2032 potius
701 1947 794 2010 adid
822 1947 862 2010 ad
888 1948 973 2030 quod
1003 1948 1067 2011 dati
1095 1954 1171 2011 sunt
1192 1948 1310 2010 serviro
1335 1947 1563 2026 concedantur,
1591 1953 1627 2011 ut
1646 1953 1766 2027 totum,
1796 1948 1907 2011 siouta

273 2052 477 2133 dictumest,
506 2052 540 2114 in
570 2050 798 2114 restauratione
830 2049 1035 2113 ecclesiarum
1066 2054 1097 2114 et
1122 2047 1335 2112 luminaribus
1365 2056 1470 2113 vestra
1504 2049 1690 2113 auctoritate
1715 2056 1748 2112 et
1774 2048 1875 2112 studio

272 2153 382 2218 cedere
399 2154 506 2237 possit.

374 2256 401 2322 6.
443 2254 550 2319 Scolae
572 2272 648 2317 sane
660 2253 700 2316 ad
720 2252 803 2316 filios
815 2251 1392 2318 etministrosecclesiaeinetruendos
1410 2253 1661 2333 veledocendos,
1683 2254 1767 2317 sicut
1786 2252 1876 2316 nobis

159 2347 163 2357 '
271 2359 437 2442 praeterito
462 2363 601 2439 tempore
624 2355 664 2418 ad
684 2355 880 2419 Attiniacum
908 2354 1114 2439 promisistis¹
1141 2362 1172 2419 et
1196 2355 1287 2419 vobis
1314 2357 1533 2437 iniunximus,
1558 2357 1592 2419 in
1618 2357 1772 2438 congruis
1793 2355 1876 2433 locis

273 2459 329 2523 nbi
349 2459 483 2522 necdum
505 2458 678 2541 perfectum
702 2468 761 2536 est,
790 2457 829 2520 ad
856 2456 1030 2520 multorum
1061 2456 1227 2520 utilitatem
1256 2465 1287 2521 et
1305 2459 1478 2542 profectum
1501 2477 1520 2521 a
1542 2456 1630 2521 vobis
1652 2458 1793 2522 ordinari
1813 2477 1909 2521 nona

271 2560 485 2651 neglegantur.

374 2664 399 2726 7.
442 2662 540 2726 Vobis
561 2682 634 2726 vero
655 2660 824 2725 comitibus
842 2660 978 2724 dicimm
997 2680 1118 2744 vosque
1138 2680 1392 2742 commonemus,
1419 2665 1494 2746 quia
1515 2663 1556 2726 ad
1576 2671 1719 2728 restrum
1738 2665 1878 2728 ministe-

273 2766 356 2827 rium
380 2766 519 2828 maximo
544 2765 689 2848 pertinet,
715 2768 751 2826 ut
776 2765 984 2827 reverentiam
1013 2768 1044 2827 ot
1067 2764 1218 2827 honorem
1244 2770 1371 2828 sanctae
1392 2762 1451 2828 Dei
1479 2765 1629 2829 ecclesiae
1649 2764 1829 2831 exhibeatis
1848 2776 1878 2829 et

274 2887 347 2930 cum
367 2868 521 2950 episcopis
542 2867 654 2929 vestris
684 2866 879 2929 concorditer
909 2866 1023 2929 vivatis
1044 2871 1075 2929 et
1093 2867 1139 2929 eis
1161 2867 1354 2930 adiutorium
1378 2867 1417 2931 ad
1443 2887 1539 2931 suum
1568 2868 1783 2931 ministerium
1810 2887 1878 2952 per·

274 2968 431 3051 agendum
453 2967 628 3051 praebeatis
651 2973 682 3031 et
708 2973 744 3030 ut
772 2969 908 3051 vosipsi
929 2969 963 3030 in
985 2969 1169 3032 ministeriis
1196 2971 1308 3033 restris
1332 2989 1441 3055 paoem
1469 2978 1500 3034 et
1519 2971 1674 3034 iustitium
1695 2969 1819 3035 faciatis
1839 2980 1914 3047 etas

274 3088 356 3153 qnae
376 3076 482 3133 nostra
503 3070 671 3132 auctoritas
691 3069 817 3152 publice
837 3069 906 3133 fieri
929 3070 1084 3148 decernit,
1105 3076 1141 3133 ut
1161 3072 1195 3133 in
1218 3073 1329 3136 vestris
1349 3073 1533 3136 ministeriis
1552 3072 1693 3136 studiose
1713 3072 1880 3157 perfician-

273 3178 327 3235 tur
346 3172 504 3235 attendite.

373 3275 400 3339 8.
441 3273 577 3337 Proinde
598 3293 766 3337 monemus
786 3280 924 3337 rostram
945 3273 1141 3355 fidelitatem,
1167 3281 1204 3338 ut
1232 3293 1387 3338 memores
1412 3276 1480 3339 sitis
1500 3274 1574 3339 fidei
1596 3274 1687 3339 nobis
1704 3278 1881 3360 promissae

273 3381 304 3439 et
323 3377 356 3439 in
379 3383 466 3459 parte
485 3377 653 3453 ministerii
672 3376 772 3439 nostri
795 3375 886 3439 vobis
906 3377 1080 3457 commissi,
1102 3379 1135 3440 in
1157 3396 1232 3460 pace
1250 3376 1411 3440 scilicetet
1429 3378 1550 3441 iustitia
1564 3376 1722 3458 facienda,
1743 3387 1880 3443 vosmet-

273 3479 358 3562 ipsos
378 3498 484 3541 coram
504 3477 571 3542 Deo
592 3484 624 3542 et
643 3498 748 3541 coram
771 3476 954 3541 hominibus
974 3479 1051 3542 tales
1073 3478 1265 3557 exhibeatis,
1288 3486 1324 3542 ut
1345 3486 1376 3541 ct
1394 3480 1493 3542 nostri
1515 3481 1581 3543 veri
1602 3479 1764 3543 adiutores
1784 3487 1917 3565 etpost

272 3579 339 3663 puli
361 3589 596 3644 conservatores
616 3582 700 3645 iuste
720 3581 782 3644 dici
803 3586 834 3644 ct
855 3582 959 3644 vocari
980 3582 1123 3664 possitis,
1152 3587 1183 3644 et
1210 3579 1299 3644 nulla
1322 3579 1480 3664 quaelibet
1497 3600 1605 3660 causa,
1632 3589 1688 3645 aut
1706 3601 1878 3647 munerum

272 3683 409 3765 acceptio
430 3687 485 3745 aut
513 3683 651 3747 amicitia
676 3681 846 3747 cuiuslibet
870 3682 920 3745 rel
948 3682 1057 3745 odium
1085 3691 1141 3747 aut
1161 3684 1255 3746 timor
1285 3682 1334 3745 vel
1357 3685 1472 3766 gratim
1501 3682 1540 3745 ab
1563 3689 1649 3746 statu
1680 3684 1880 3748 rectitudinis

273 3803 329 3847 ros
354 3783 479 3847 deviare
499 3785 680 3869 compellat,
703 3785 782 3868 quin
801 3786 884 3847 inter
901 3785 1082 3866 proximum
1094 3790 1126 3848 et
1138 3786 1321 3867 proximum
1339 3804 1462 3868 semper
1473 3786 1556 3848 iuste
1572 3784 1727 3849 iudicetis.
1770 3785 1880 3871 Pupil·

272 3885 376 3948 lorum
396 3891 427 3949 et
445 3886 614 3949 viduarum
635 3906 709 3951 vero
731 3892 762 3950 et
784 3892 959 3949 ceterorum
971 3904 1147 3969 pauperum
1158 3886 1316 3950 adiutores
1336 3906 1372 3949 ac
1383 3887 1563 3951 defensores
1581 3893 1613 3950 et
1632 3896 1761 3952 sanctae
1782 3889 1880 3952 eccle-

272 3988 337 4051 siae
356 3987 408 4050 vel
429 4008 593 4052 servorum
613 3989 699 4052 illius
720 3989 923 4051 honoratores
944 3989 1034 4050 iusta
1053 3994 1189 4052 vestram
1201 3987 1439 4072 possibilitatem
1461 3989 1538 4052 sitis.
1581 3988 1656 4052 Illos
1676 4008 1808 4073 quoque
1825 3992 1919 4073 quia

272 4091 446 4153 temeritate
468 4098 499 4154 et
519 4091 669 4155 violentia
687 4093 721 4154 in
741 4091 835 4153 furtis
856 4096 888 4153 et
906 4089 1078 4153 latrociniis
1100 4091 1167 4153 sive
1184 4091 1304 4173 rapinis
1324 4109 1527 4154 communem
1549 4109 1658 4174 pacem
1679 4091 1792 4175 populi
1811 4112 1880 4177 per·

272 4190 400 4254 turbare
424 4191 601 4255 moliuntur
624 4198 727 4257 vestro
757 4191 860 4255 studio
890 4200 922 4255 et
947 4194 1151 4270 correctione,
1181 4193 1264 4255 siout
1289 4191 1392 4269 decet,
1416 4194 1612 4276 compescite.
1659 4191 1701 4256 Et
1722 4194 1751 4257 si
1771 4194 1880 4278 aliqua

272 4311 406 4376 persona
425 4295 459 4356 iu
481 4294 588 4378 aliquo
599 4294 690 4357 robis
711 4294 971 4377 impedimentum
983 4295 1092 4372 fucrit,
1114 4295 1191 4377 quin
1214 4312 1353 4377 eaquae
1372 4294 1508 4358 diciorus
1527 4293 1629 4358 farere
1650 4314 1715 4360 non
1737 4296 1879 4377 valeatis,

272 4393 363 4457 nobis
384 4395 423 4458 ad
445 4401 570 4480 tempus
591 4396 669 4460 illud
692 4402 801 4459 notum
822 4395 888 4475 fiat,
911 4402 945 4458 ut
959 4397 1259 4459 nostraauctoritate
1275 4396 1375 4459 adiuti
1391 4397 1601 4460 ministerium
1625 4406 1768 4462 vestrum
1785 4399 1880 4485 digne

272 4497 441 4581 adimplere
462 4501 596 4581 possitis.
1887 4524 1917 4564 a

371 4605 416 4669 ‘d‘
458 4599 577 4664 Omnes
596 4619 671 4664 vero
693 4599 788 4662 laicos
804 4618 984 4676 monemus,
1006 4610 1041 4662 nt
1058 4600 1207 4663 honorem
1221 4599 1466 4664 ecclesiasticum
1488 4609 1677 4666 conservent
1697 4610 1730 4666 et
1749 4602 1878 4687 ὥςυιω

274 4705 508 4768 venerationem
529 4703 683 4787 episcopis
705 4712 735 4766 et
755 4700 815 4765 Dei
835 4702 1048 4765 sacerdotibus
1070 4700 1241 4765 exhibeant
1266 4710 1297 4765 et
1322 4701 1361 4764 ad
1387 4720 1498 4766 eorum
1518 4703 1785 4788 praedicationem
1805 4724 1879 4769 com

273 4807 340 4869 suis
361 4806 472 4869 devote
492 4811 659 4868 occurraut
674 4812 704 4868 et
723 4805 842 4867 ieiunia
857 4803 895 4867 ab
917 4802 979 4866 illis
1000 4805 1210 4867 communiter
1229 4804 1347 4867 indicta
1366 4810 1546 4869 reverenter
1565 4804 1735 4870 observent
1754 4812 1788 4871 ct
1804 4825 1879 4871 suos

272 4907 438 4972 observare
458 4908 590 4971 doceant
610 4914 641 4971 et
661 4906 856 4991 compellant
898 4905 939 4969 Et
958 4916 994 4969 ut
1013 4908 1108 4971 etiam
1129 4907 1196 4969 dies
1217 4905 1411 4985 dominicus,
1432 4907 1515 4970 sicut
1534 4907 1638 4988 decet,
1655 4915 1688 4971 et
1707 4907 1880 4973 honoretur

273 5017 304 5072 et
323 5009 456 5090 colatur,
482 5029 592 5074 omncs
620 5009 783 5087 studeant,
811 5015 841 5072 ct
860 5012 897 5071 ut
925 5007 1056 5072 liberius
1076 5008 1145 5071 fieri
1165 5009 1280 5091 possit,
1309 5013 1447 5072 mercata
1474 5016 1506 5072 et
1524 5009 1638 5092 placita
1662 5008 1935 5075 abomitibusea-

273 5111 355 5174 sicut
375 5113 486 5195 saepe²
505 5113 703 5175 admonitum
723 5113 796 5191 fnit,
816 5111 870 5173 illo
892 5110 942 5173 die
963 5109 1195 5193 prohibeantur.

372 5319 403 5390 b)
421 5320 641 5375 etdoceanture.
684 5320 711 5391 c)
728 5317 1331 5391 capuleiaet‘sioiocml.Bhrah.postverbam
1339 5318 1448 5370 &mam
1456 5317 1759 5389 compellanthabster.

374 5503 403 5574 1)
415 5496 1364 5576 aareaaaraaapauaafmaaraaamaaaeaas(cap.174.)
1418 5502 1448 5571 a)
1466 5483 1874 5579 mammarum.

271 5601 359 5671 e.813
369 5618 435 5673 pap.
447 5599 584 5673 149,0.8;
593 5620 659 5675 pap.
671 5602 823 5673 174,0.1t.
