4380 6248
950 350 1064 406 LIBER
1085 350 1268 416 QUARTUS.
1861 352 1923 418 439

313 527 417 607 luerit,
442 527 474 590 id
496 533 545 592 est
567 529 635 592 sive
662 529 697 592 in
720 527 862 591 exercitu
890 527 957 591 sive
982 527 1015 590 in
1037 527 1152 611 palatio
1175 528 1242 591 sive
1268 529 1302 591 in
1321 527 1381 591 alio
1410 529 1553 611 quolibet
1580 531 1662 606 loco,
1687 532 1833 597 adhibeat
1860 533 1921 597 sibi

313 630 360 694 rel
378 629 417 694 de
438 630 506 694 suis
526 629 720 715 pagensibus
740 630 792 693 vel
822 630 860 694 de
885 629 955 693 aliis
982 630 1039 712 qui
1059 629 1169 694 eadem
1190 630 1258 713 lege
1283 631 1394 693 vivant
1415 651 1479 714 qua
1499 632 1566 716 ipse
1589 634 1683 712 vivit,
1712 642 1830 700 testes·
1855 635 1922 699 ido-

313 737 401 812 neos,
420 732 471 796 rel
490 733 519 796 si
537 731 610 796 illos
630 730 745 796 habere
765 751 831 796 non
852 732 1001 816 potuerit,
1020 737 1098 795 tunc
1119 731 1238 796 dealiis
1251 732 1362 815 quales
1380 731 1425 797 ibi
1439 734 1586 799 meliores
1604 736 1766 802 invenireb
1788 739 1919 821 possitl’3

312 839 341 898 et
359 853 466 898 corum
487 835 533 898 eis
554 853 662 898 rerum
689 854 821 898 suarum
849 834 1050 898 traditionem
1079 835 1173 898 iaciat
1197 840 1244 898 et⁰
1270 833 1472 899 fideiussores
1498 839 1671 903 vestiturae
1698 839 1794 904 donet
1814 839 1843 901 ei
1864 838 1921 919 qni

292 936 396 1000 sillam
417 935 618 1000 traditionem
638 937 764 1020 accipit,
784 939 821 998 ut
833 937 1019 1000 vestituram
1039 935 1154 999 faciatc
1196 935 1237 999 Et
1253 942 1422 1020 postquam
1443 939 1521 1001 haec
1540 939 1665 1003 traditio
1685 942 1730 1003 ita
1750 940 1832 1004 facta
1852 940 1920 1006 fue-

312 1040 360 1119 rit,
387 1039 480 1103 heres
499 1038 587 1103 illius
607 1037 729 1102 nullam
749 1038 788 1102 de
808 1037 974 1122 praedictis
995 1037 1092 1102 rebus
1117 1038 1220 1102 valeat
1244 1038 1346 1102 iacere
1366 1040 1619 1122 repetitionem⁶3
1650 1043 1783 1125 insuper
1800 1048 1832 1106 et
1853 1045 1920 1126 ipse

311 1159 363 1225 per
384 1159 419 1205 se
438 1139 676 1204 fideiussionem
701 1140 795 1204 iaciat
821 1139 964 1204 eiusdem
992 1140 1178 1219 vestiturae,
1206 1159 1247 1204 oe
1274 1136 1382 1204 heredi
1410 1140 1476 1204 ulla
1499 1145 1622 1206 occasio
1649 1151 1809 1208 remaneat
1837 1145 1920 1208 hano

311 1242 509 1307 traditionem
527 1242 724 1322 inmutandi,
744 1241 799 1305 sed
818 1243 924 1325 potius
946 1244 1116 1306 necessitas
1136 1241 1301 1311 incumbat
1319 1242 1406 1306 illam
1423 1241 1613 1326 perficiendi.
1662 1244 1704 1309 Et
1724 1247 1751 1309 si
1773 1247 1919 1310 nondum

311 1365 358 1410 res
376 1365 453 1410 suas
471 1365 546 1409 cunr
567 1344 774 1409 coheredibus
796 1345 864 1408 suis
886 1344 1004 1408 divisas
1023 1343 1149 1424 habuit,
1175 1364 1241 1408 non
1269 1347 1298 1408 ei
1319 1345 1378 1409 hoc
1397 1346 1438 1409 sit
1457 1345 1689 1428 inpediment03
1713 1348 1767 1412 sed
1789 1349 1919 1413 coheres

279 1449 391 1528 ocius,
416 1449 443 1511 si
464 1454 575 1531 sponte
595 1447 744 1525 noluerit,
765 1452 820 1510 aut
834 1465 890 1530 per
898 1448 1045 1510 comitem
1059 1453 1114 1509 aut
1134 1465 1192 1530 per
1201 1448 1336 1510 missurn
1347 1449 1417 1511 eius
1428 1447 1648 1530 distringatur,
1672 1456 1709 1512 ut
1731 1450 1918 1514 divisionem

311 1569 383 1615 curn
404 1549 459 1614 illo
480 1549 587 1626 faciat,
611 1549 768 1632 adquam
794 1549 964 1612 defunctus
988 1548 1191 1613 hereditatem
1218 1569 1310 1612 suam
1331 1549 1430 1612 voluit
1448 1550 1621 1633 pervenire.
1666 1549 1709 1614 Et
1736 1551 1763 1614 si
1790 1550 1919 1615 cuilibet

311 1652 459 1717 ecclesiae
479 1670 549 1716 eam
576 1651 699 1715 tradere
725 1652 863 1734 rogavit,
889 1650 1019 1714 coheres
1046 1652 1116 1715 eius
1143 1670 1214 1714 eam
1239 1651 1340 1733 legem
1361 1670 1437 1715 eum
1457 1651 1512 1714 illa
1538 1651 1669 1715 ecclesia
1696 1652 1735 1716 de
1761 1652 1919 1735 praedicta

310 1753 479 1818 hereditate
500 1752 627 1833 habeat,
649 1773 745 1836 quam
767 1773 841 1816 curn
862 1753 923 1816 alio
943 1752 1095 1816 coherede
1115 1772 1173 1816 suo
1184 1751 1299 1816 habere
1311 1752 1452 1816 debebat.
1495 1751 1536 1816 lit
1557 1753 1616 1816 hoo
1637 1753 1823 1818 observetur
1844 1774 1919 1838 erga

309 1864 427 1940 patrem
448 1862 480 1920 et
500 1855 603 1919 filium
625 1861 656 1919 et
674 1861 820 1939 nepotem
841 1854 1005 1937 usquead
1027 1854 1309 1936 annoslegitimos3
1331 1862 1439 1938 postea
1459 1856 1544 1938 ipsae
1558 1874 1610 1919 res
1631 1855 1670 1919 ad
1692 1856 1918 1920 inmunitatem

276 1980 298 2019 rr
310 1960 409 2042 ipsius
430 1957 580 2022 ecclesiae
601 1958 737 2021 redeant

409 2061 455 2125 19.
497 2058 545 2123 De
565 2059 743 2123 homicidiis
764 2057 975 2142 prohibendis.
1020 2056 1221 2141 Quicumque
1242 2059 1403 2121 hominem
1425 2067 1480 2123 aut
1504 2079 1544 2123 ex
1565 2059 1629 2122 levi
1650 2078 1744 2122 causa
1775 2066 1830 2123 aut
1849 2061 1917 2122 sine

309 2182 405 2226 causa
423 2161 630 2241 interfecerit,
651 2161 831 2244 wirgildum
853 2162 923 2224 eius
945 2160 995 2223 his
1016 2160 1054 2223 ad
1077 2180 1158 2242 quos
1178 2160 1231 2223 ille
1252 2162 1387 2244 pertinet
1398 2168 1562 2245 conponat.
1604 2160 1676 2244 lpse
1697 2179 1771 2224 vero
1791 2169 1918 2244 propter

309 2265 403 2329 talem
428 2265 717 2349 praesumptionem
745 2265 779 2327 in
806 2263 940 2326 exilium
968 2263 1125 2340 mittatur,
1152 2261 1191 2324 ad
1220 2268 1377 2345 quantum
1404 2268 1529 2346 tempus
1557 2263 1649 2326 nobis
1673 2263 1837 2347 placuerit:
1866 2281 1916 2326 res

307 2374 411 2431 mmen
433 2385 508 2430 suas
529 2385 592 2429 non
614 2367 743 2428 amittat.

272 2490 297 2530 n
408 2470 456 2534 20.
497 2464 548 2530 De
566 2466 621 2529 boc
642 2466 726 2550 quod
754 2467 788 2528 in
812 2467 1060 2548 conpositionem
1091 2465 1224 2548 wirgildi
1251 2465 1319 2528 dari
1348 2466 1466 2530 debeat.
1507 2466 1546 2530 ln
1571 2468 1820 2551 conpositionem
1846 2468 1916 2529 wir-

307 2570 384 2654 gildi
402 2570 552 2633 volumus
573 2576 609 2632 ut
628 2587 665 2632 ea
686 2568 802 2632 dentur
827 2588 909 2651 quae
935 2570 970 2631 in
991 2568 1059 2652 lege
1080 2569 1296 2647 continentur,
1323 2577 1453 2652 excepto
1474 2571 1621 2653 accipitre
1641 2577 1672 2633 et
1690 2570 1814 2653 spatha,
1840 2570 1917 2652 quia

308 2678 433 2756 propter
452 2672 506 2735 illa
525 2672 588 2735 duo
610 2671 778 2754 aliquoties
803 2672 978 2754 periurium
999 2671 1221 2749 committitur,
1248 2669 1374 2754 quaudo
1404 2672 1531 2735 maioris
1551 2673 1642 2755 pretii
1663 2692 1760 2754 quam
1779 2671 1832 2735 illa
1853 2673 1917 2735 sint

307 2793 376 2839 esse
396 2776 549 2838 iurantur.

407 2878 456 2941 21.
497 2874 545 2940 De
567 2882 658 2960 raptu
680 2877 856 2939 alienarum
879 2895 1075 2959 sponsarum.
1117 2874 1150 2939 Si
1171 2875 1244 2958 quis
1264 2895 1414 2958 sponsam
1434 2876 1569 2940 alienam
1591 2878 1730 2960 rapuerit
1754 2883 1810 2940 aut
1835 2878 1916 2960 patri

269 3004 295 3042 aa
311 2979 379 3042 eius
401 2988 456 3041 aut
476 2979 504 3042 ei
527 2979 583 3060 qui
603 2978 726 3061 legibus
748 2979 818 3041 eius
839 2978 984 3041 defensor
1004 2997 1073 3041 esse
1095 2976 1200 3056 debet,
1221 2997 1293 3040 curn
1317 2997 1373 3041 sua
1388 2978 1456 3062 lege
1473 2997 1542 3042 earn
1565 2978 1687 3045 reddat:
1711 2985 1740 3043 et
1763 2979 1915 3062 quicquid

311 3100 385 3143 oum
407 3100 443 3144 ea
472 3081 591 3161 tulerit,
620 3082 764 3144 semotim
792 3099 1055 3163 unamquamque
1080 3098 1146 3142 rem
1174 3080 1349 3144 seeundum
1376 3080 1476 3163 legem
1502 3081 1619 3144 reddat.
1660 3080 1701 3143 Et
1730 3082 1757 3143 si
1783 3081 1841 3145 boe
1864 3082 1916 3145 de·

309 3181 417 3246 fensor
437 3183 507 3246 eius
528 3184 699 3266 perpetrari
721 3184 917 3246 consenserit
937 3190 968 3246 et
989 3183 1057 3245 ideo
1083 3183 1199 3265 raptori
1226 3182 1305 3245 nihil
1332 3201 1483 3266 quaerere
1503 3182 1652 3263 voluerit,
1680 3202 1786 3248 comes
1807 3186 1916 3266 singu-

311 3284 418 3348 lariter
436 3285 475 3348 de
496 3302 690 3367 unaquaque
709 3304 743 3348 re
764 3284 850 3348 freda
878 3292 985 3348 nostra
1011 3283 1050 3346 ab
1071 3302 1107 3347 eo
1135 3291 1280 3348 exactme
1305 3285 1405 3348 faciat.
1447 3285 1568 3369 Sponso
1595 3304 1669 3348 vcro
1695 3285 1796 3368 legem
1823 3306 1915 3350 suam

314 3394 471 3471 conponat
492 3396 523 3449 et
541 3388 673 3470 insuper
693 3386 835 3449 bannum
856 3394 1013 3462 nostrum,
1041 3385 1140 3448 idest
1161 3387 1325 3464 sexaginta
1346 3387 1478 3465 solidos,
1504 3387 1619 3466 solvat,
1645 3388 1694 3451 vel
1715 3389 1748 3450 in
1771 3407 1916 3471 praesen·

267 3515 296 3555 so
310 3490 384 3552 tiam
409 3496 549 3553 nostram
570 3509 677 3553 comes
697 3508 771 3552 eum
794 3489 943 3552 advenire
963 3488 1072 3565 faciat,
1101 3494 1131 3550 et
1159 3497 1277 3570 quanto
1303 3499 1443 3572 tempore
1470 3489 1562 3553 nobis
1591 3489 1744 3574 placuerit
1764 3491 1797 3552 in
1820 3490 1915 3553 exilio

311 3596 435 3656 maneat
456 3597 486 3654 et
507 3591 592 3654 illanr
615 3592 764 3654 seminam
785 3593 813 3654 ei
835 3591 950 3654 habere
972 3611 1036 3653 non
1056 3589 1156 3652 liceat

408 3695 457 3758 22.
501 3690 549 3756 De
568 3692 656 3756 falsis
678 3692 812 3757 testibus
833 3692 1066 3756 convincendis.
1107 3690 1141 3755 Si
1170 3692 1242 3774 quis
1270 3711 1344 3755 cunr
1366 3693 1462 3757 altero
1490 3693 1529 3757 de
1551 3694 1691 3778 qualibet
1718 3714 1813 3758 causa
1840 3715 1915 3757 con·

311 3796 485 3859 tentionem
506 3793 666 3874 habuerit,
688 3802 719 3857 et
740 3801 834 3858 testes
855 3801 963 3857 carrha
984 3813 1058 3857 eum
1078 3812 1135 3876 per
1148 3793 1303 3857 iudicium
1314 3795 1456 3877 producti
1477 3796 1607 3875 fuerint,
1626 3798 1652 3859 si
1675 3796 1726 3860 ille
1747 3796 1841 3859 tarsos
1861 3815 1915 3860 eos

308 3915 377 3961 esse
401 3898 593 3980 suspicatur,
620 3897 712 3960 liceat
739 3899 767 3960 ei
796 3897 874 3960 alios
897 3902 1005 3975 testes,
1033 3915 1113 3978 quos
1133 3896 1279 3959 meliores
1298 3898 1449 3980 potuerit,
1474 3906 1583 3961 contra
1604 3918 1658 3962 eos
1678 3917 1849 3983 opponere.
1879 3904 1916 3962 ut

268 4025 296 4065 aa
310 4001 466 4064 veratium
497 4001 677 4063 testimonio
708 4000 860 4062 falsorum
894 3999 1022 4062 testium
1051 3998 1240 4081 perversitas
1273 4006 1446 4082 superetur.
1494 4000 1584 4075 Quod
1616 4002 1643 4064 si
1675 4000 1786 4064 ambae
1812 4009 1915 4084 partes

312 4104 438 4165 testium
461 4103 502 4165 ita
523 4104 607 4166 iuter
626 4121 660 4165 se
688 4102 907 4179 dissenserint,
935 4110 971 4163 ut
995 4100 1178 4163 nullatenus
1205 4119 1270 4163 una
1298 4120 1369 4183 pars
1398 4101 1486 4164 alteri
1513 4102 1622 4166 cedere
1642 4103 1733 4180 velit,
1758 4103 1915 4185 eligantur

311 4203 374 4267 duo
396 4223 436 4268 err
457 4205 547 4289 ipsis,
568 4205 600 4267 id
621 4213 668 4268 est
689 4223 727 4267 er
750 4214 885 4287 utraque
907 4211 994 4286 parte
1015 4222 1115 4278 unus,
1137 4203 1277 4284 quicum
1300 4204 1398 4266 scutis
1416 4210 1447 4267 et
1467 4203 1605 4267 fustibus
1624 4206 1657 4267 in
1680 4223 1790 4287 campo
1809 4205 1915 4268 ‹lecer-

308 4311 389 4387 tent,
418 4314 489 4371 utra
510 4327 582 4391 pars
609 4307 792 4384 falsitatem,
818 4313 889 4370 utra
917 4306 1079 4368 veritatem
1109 4323 1167 4367 suo
1195 4306 1374 4368 testimonio
1401 4314 1561 4388 sequatur.
1607 4304 1648 4369 Et
1673 4307 1830 4389 campioni
1859 4308 1915 4390 qui

313 4410 416 4473 victus
438 4410 532 4473 fuerit
554 4415 679 4492 propter·
699 4410 874 4492 periurium
897 4407 982 4490 quod
1002 4414 1075 4470 ante
1088 4426 1226 4489 pugnam
1240 4408 1413 4482 commisit,
1435 4407 1564 4472 dextera
1585 4427 1700 4471 manus
1721 4413 1916 4492 amputetur;

267 4543 296 4579 a·
312 4512 407 4575 ceteri
428 4530 502 4575 vero
524 4512 666 4574 eiusdem
695 4513 791 4594 partis
816 4517 926 4589 testae,
954 4508 1010 4588 qai
1036 4508 1106 4571 falsi
1132 4518 1359 4592 apparuerunt,
1385 4528 1500 4572 manus
1527 4529 1601 4573 suas
1627 4510 1798 4589 redimant,
1825 4512 1918 4574 ouius

311 4613 538 4696 conpositionis
559 4612 642 4675 duae
663 4620 766 4695 partes
787 4614 816 4676 ei
836 4620 943 4675 contra
964 4630 1059 4693 quem
1081 4611 1185 4674 testati
1212 4617 1288 4674 sunt
1313 4610 1441 4689 dentur,
1469 4612 1559 4674 tertia
1588 4631 1643 4694 pro
1664 4612 1751 4674 fredo
1769 4612 1917 4675 solvatur.

310 4714 351 4777 Et
377 4716 412 4777 in
439 4714 571 4778 seculari
602 4714 729 4797 quidem
759 4734 853 4778 causa
885 4712 1105 4777 huiuscenrodi
1134 4713 1261 4775 testium
1291 4712 1457 4776 diversitas
1487 4732 1598 4796 campo
1624 4712 1850 4796 conprobetur:
1883 4714 1917 4776 in

315 4816 533 4881 ecciesiasticis
553 4825 658 4880 autern
681 4818 798 4897 causis,
821 4816 875 4879 ubi
899 4816 937 4880 de
956 4835 1022 4879 una
1040 4820 1127 4897 parte
1146 4815 1301 4894 seculare,
1324 4814 1364 4877 de
1383 4815 1479 4878 altera
1499 4833 1574 4878 vero
1597 4814 1842 4878 ecclesiasticum
1864 4834 1919 4879 ne·

311 4920 435 5002 gotium
459 4926 519 4999 est,
544 4920 628 4982 idern
655 4920 770 4983 modus
791 4919 994 4982 observetur-a
1037 4915 1097 4980 Ubi
1119 4934 1194 4979 vero
1214 4935 1253 4979 ex
1281 4923 1416 4999 utraque
1437 4924 1524 5000 parte
1548 4916 1793 4980 ecclesiasticum
1814 4916 1919 4996 fuerit,

268 5056 296 5092 45
311 5026 449 5085 rectores
470 5021 642 5085 earundem
671 5022 893 5098 ecclesiarum,
922 5021 947 5083 si
977 5037 1010 5082 se
1036 5017 1231 5082 familiariter
1256 5017 1420 5101 pacificare
1444 5017 1557 5096 velint,
1584 5018 1744 5083 licentiam
1770 5017 1918 5099 habeant3

414 5308 442 5378 a)
463 5315 519 5362 tres
532 5314 618 5362 testes
635 5309 696 5361 rod.
708 5307 831 5375 Sclaofflr.
903 5305 933 5374 b)
955 5305 1073 5359 inveniri
1083 5311 1200 5375 possunt
1211 5305 1310 5358 Boorb.
1322 5313 1348 5358 at
1362 5304 1456 5358 Corte·
1536 5300 1564 5377 c)
1586 5313 1659 5361 et...
1672 5305 1759 5360 faeiat
1770 5324 1822 5359 ona.
1837 5308 1918 5360 occid.

315 5389 448 5461 conspiras.
464 5389 572 5458 amicari
580 5390 630 5441 aad
636 5396 749 5459 propter
761 5386 981 5439 rannoioreleuroa
993 5393 1097 5438 artetum
1111 5394 1141 5436 ut
1150 5386 1266 5438 mitetur.
1336 5385 1365 5448 di
1384 5385 1517 5455 reliquerim
1529 5387 1626 5456 capitia
1633 5393 1740 5456 portem
1751 5388 1847 5440 maiust
1858 5389 1918 5440 cod.

315 5471 451 5524 Saliam.
512 5468 538 5525 el
561 5467 656 5522 eoos·
670 5468 891 5521 hminmrirseu
904 5466 988 5522 etiarn
1001 5464 1537 5537 cruciaiuditioreiveritaainquiratur.
1565 5465 1627 5520 Hoc
1637 5474 1666 5521 et
1677 5466 1711 5521 de
1722 5466 1826 5521 timidis
1836 5475 1920 5537 atque

315 5549 505 5606 imbecillibus
519 5550 564 5604 vel
578 5546 702 5616 infirmis,
714 5547 763 5618 qui
778 5563 903 5618 pugnare
916 5565 972 5602 non
986 5545 1088 5615 valent,
1099 5562 1134 5600 ne
1146 5553 1260 5616 propter
1272 5546 1326 5601 hoc
1342 5545 1449 5601 iustitia
1459 5563 1508 5601 soa
1519 5553 1639 5616 caream,
1649 5547 1807 5602 censuimus
1818 5547 1921 5602 sacien-

268 5658 298 5698 ω
314 5632 388 5686 dum.
420 5630 481 5698 Osr.
491 5647 575 5700 supro
586 5646 652 5700 pop.
664 5626 731 5696 268,
744 5644 767 5679 c.
782 5626 806 5680 1.

1662 5724 1718 5777 56*
