4380 6248
765 413 910 470 KAROLI
932 413 1057 471 MAGNI
1078 412 1349 473 CAPITULARIA.
1822 416 1863 481 59

249 569 423 649 intendat’;
454 572 544 635 item:
566 572 621 636 ‘ue
642 573 683 635 sit
704 569 867 634 maleficus
888 590 947 635 nec
966 572 1143 635 incantator
1169 590 1228 636 nec
1255 572 1402 656 pithones
1427 573 1625 637 consolator’.
1676 574 1751 639 Ideo
1775 595 1863 660 prae·

250 672 407 755 cipimus,
435 679 472 736 ut
491 673 706 738 cauculatores
728 693 786 737 nec
808 673 1019 737 incantatores
1046 692 1105 737 nec
1131 675 1323 757 tempestarii
1345 674 1396 738 vel
1417 674 1605 760 obligatores
1626 694 1690 740 non
1712 676 1803 754 fiaut;
1833 685 1864 742 et

250 772 446 858 ubicumque
465 782 557 856 sunt,
579 776 789 840 emendentur
809 775 860 839 vel
881 775 1079 840 damnentur.
1863 828 1867 837 .

349 875 431 940 Item
456 877 495 941 de
520 876 686 942 arboribus
714 877 764 941 vel
797 879 894 962 petris
926 876 1153 957 vellentibus,
1182 877 1238 942 ubi
1266 878 1366 962 aliqui
1393 878 1481 943 stulti
1507 879 1676 943 luminaria
1706 880 1754 945 vel
1785 882 1863 946 alias

214 977 484 1043 aobservationes
506 980 640 1060 faciunt,
661 981 792 1044 omnino
813 979 1017 1058 mandamus,
1039 985 1075 1043 ut
1095 981 1154 1043 iste
1180 982 1338 1063 pessimus
1350 1001 1429 1045 usus
1450 979 1558 1045 etDeo
1571 981 1771 1062 execrabilis,
1794 983 1863 1047 ubi·

247 1099 387 1164 cumque
408 1082 603 1162 invematur,
624 1082 751 1146 tollatur
771 1087 801 1145 et
822 1081 1003 1145 distruatur.

348 1185 397 1248 66.
440 1182 643 1247 Omnibus.
685 1183 765 1247 Item
786 1183 959 1268 praedicari
979 1202 1107 1248 necesse
1127 1189 1187 1262 est,
1209 1190 1365 1268 quantum
1383 1184 1504 1248 malum
1526 1186 1567 1249 sit
1587 1185 1697 1249 odium
1713 1186 1763 1251 vel
1779 1188 1862 1251 invi·

249 1284 315 1365 dia,
342 1286 418 1368 quia
443 1287 477 1348 in
499 1286 603 1370 lege9⁷
631 1287 784 1370 scriptum
809 1283 871 1349 est:
900 1285 979 1348 ‘uon
1002 1286 1105 1349 oderis
1128 1286 1256 1350 fratrem
1277 1292 1371 1350 tuum
1391 1287 1426 1349 iu
1444 1287 1537 1350 corde
1559 1292 1629 1367 tuo,
1657 1288 1713 1352 sed
1733 1288 1862 1372 publice

248 1406 363 1472 argues
384 1387 489 1464 eum’3
513 1389 589 1451 item
610 1386 767 1451 Iohannes
788 1387 982 1470 euangelista
990 1387 1033 1451 ⁹8:
1056 1389 1125 1471 ‘qui
1147 1388 1213 1452 odit
1232 1388 1360 1452 fratrem
1381 1409 1491 1468 suum,
1510 1389 1667 1453 homicida
1685 1390 1761 1469 est'3
1785 1392 1859 1455 item

202 1513 229 1552 ιο
250 1490 283 1551 in
304 1488 520 1572 euangelioll:
549 1490 592 1553 ‘si
617 1490 793 1573 peccaverit
814 1490 847 1551 in
874 1497 905 1553 te
925 1489 1021 1552 frater
1041 1497 1131 1569 tuus,
1162 1491 1241 1554 vade
1262 1496 1292 1554 et
1315 1492 1436 1574 corripe
1456 1509 1530 1554 eum
1551 1492 1634 1555 inter
1653 1497 1684 1554 te
1702 1498 1734 1556 et
1755 1493 1861 1577 ipsum

249 1589 379 1670 solum’,
406 1599 437 1654 et
462 1597 563 1654 cetera
585 1611 665 1675 quae
692 1590 736 1654 ibi
758 1591 914 1674 leguntur.
955 1589 1003 1655 De
1024 1593 1155 1656 avaritia
1178 1599 1283 1656 autern
1304 1592 1481 1676 apostolum
1511 1592 1646 1676 legimus
1668 1593 1860 1658 dicentemlt

248 1692 412 1767 ‘avaritia
442 1712 523 1776 quae
549 1698 597 1757 est
623 1693 782 1757 idolorum
807 1695 958 1769 servitus,
986 1693 1126 1758 cavenda
1147 1699 1195 1757 est
1204 1693 1220 1757 ’.
1262 1693 1342 1757 Item
1370 1693 1409 1757 de
1434 1695 1688 1778 concupiscentia
1717 1695 1861 1780 legitur2,

250 1793 335 1877 quod
355 1794 448 1857 radis
472 1796 512 1857 sit
533 1795 677 1858 omnium
702 1795 871 1869 malorum;
895 1797 980 1860 etin
1001 1795 1103 1879 lege³:
1126 1797 1204 1859 ‘non
1227 1797 1431 1878 concupisces
1452 1815 1518 1859 rem
1539 1797 1677 1880 proximi
1698 1797 1768 1861 tui’.

349 1897 395 1962 bl.
437 1895 679 1981 Episcopisu,
716 1897 907 1961 omnibus.
950 1897 1030 1961 Item
1059 1903 1095 1961 ut
1120 1897 1290 1961 homicidia
1309 1897 1391 1960 infra
1420 1899 1567 1981 patriam,
1601 1899 1684 1962 sicut
1709 1900 1742 1962 in
1773 1899 1861 1983 lege⁴

202 2023 229 2062 rr
248 1996 377 2062 Domini
398 1999 599 2062 interdictum
622 2006 683 2076 est,
712 2019 771 2062 nec
792 2018 887 2062 causa
908 2000 1038 2063 ultionis
1060 2019 1117 2063 nec
1139 2000 1289 2063 avaribae
1310 2019 1369 2062 nec
1390 1999 1597 2063 latrocinandi
1625 2019 1689 2064 nou
1710 1999 1803 2077 fiant;
1830 2007 1862 2065 et

249 2100 444 2185 ubicumque
464 2102 594 2165 inventa
614 2101 745 2180 hierint,
766 2122 785 2164 a
802 2100 961 2165 iudicibus
980 2102 1097 2165 nostris
1118 2101 1294 2165 secuudum
1317 2102 1418 2186 legem
1439 2121 1478 2165 ex
1502 2107 1608 2165 nostro
1631 2101 1777 2166 mandato
1790 2103 1860 2165 vin·

248 2202 408 2278 dicentum
432 2210 463 2267 θῖ
483 2223 547 2267 non
569 2204 729 2267 occidatur
751 2204 860 2282 homo,
880 2205 940 2267 nisi
963 2204 1032 2286 lege
1050 2202 1186 2267 iubente.

349 2307 395 2371 es.
438 2304 642 2369 Omnibus.
693 2305 773 2369 Item
809 2312 840 2369 et
866 2306 952 2368 furta
984 2312 1014 2369 et
1043 2307 1159 2369 iniusta
1188 2304 1325 2369 conubia
1360 2324 1484 2368 necnon
1510 2312 1540 2369 et
1567 2305 1645 2369 falsa
1670 2307 1859 2382 testimonia,

248 2408 331 2471 sicut
351 2426 444 2491 saepe
462 2409 655 2491 rogavimus,
676 2406 837 2490 prohibete
857 2407 1033 2490 diligenter,
1053 2409 1135 2470 sicut
1155 2414 1186 2471 et
1207 2407 1257 2470 lox
1278 2404 1408 2469 Domini
1431 2405 1619 2491 prohibet⁵.'

199 2533 227 2572 ao
349 2512 396 2574 69.
440 2508 645 2573 Omnibus.
689 2507 730 2572 Et
750 2509 809 2572 hoc
830 2529 903 2573 cum
927 2528 1042 2592 magno
1064 2508 1168 2572 studio
1189 2516 1383 2589 ammonete,
1404 2516 1439 2573 ut
1459 2508 1516 2572 filii
1540 2510 1694 2573 honorent
1715 2518 1859 2592 parentes

247 2630 339 2689 suos3
369 2613 444 2695 quia
464 2613 531 2695 lpse
552 2610 710 2675 Dominus
731 2611 840 2674 dicut:
869 2611 1004 2674 ‘honora
1024 2618 1143 2694 patrem
1163 2618 1255 2674 tuum
1277 2617 1308 2673 et
1328 2617 1460 2674 matrem
1482 2619 1585 2690 tuam,
1615 2618 1650 2675 ut
1673 2613 1717 2675 sis
1735 2611 1859 2693 longae·

248 2734 309 2777 vus
330 2719 560 2797 superterram
583 2734 680 2796 quam
703 2713 852 2777 dominus
872 2711 960 2776 Deus
980 2719 1057 2777 tuus
1079 2712 1164 2777 dabit
1184 2711 1266 2775 tibi'.

351 2817 397 2882 ro.
439 2815 736 2880 Sacerdotibus.
781 2815 824 2878 Ut
850 2816 988 2900 episcopi
1017 2815 1182 2898 diligenter
1207 2815 1376 2878 discutiant
1402 2834 1458 2898 per
1481 2835 1556 2879 suas
1576 2815 1754 2898 parrochias
1774 2835 1859 2899 pres·

247 2917 388 2998 bytemr,
417 2937 526 2982 eorum
551 2918 660 2995 fidem,
683 2918 838 3001 baptisma
858 2924 888 2981 et
908 2919 1079 2982 missarum
1100 2916 1338 2995 celebrationes,
1368 2922 1403 2980 ut
1424 2924 1455 2981 et
1476 2916 1570 2981 fidem
1593 2924 1710 2981 rectam
1732 2924 1859 2981 teneant

199 3040 228 3079 aa
246 3028 277 3085 et
310 3019 466 3105 baptisma
494 3021 682 3085 catholicum
712 3020 880 3084 observent
904 3027 934 3083 et
960 3021 1130 3083 missarum
1155 3037 1263 3102 preces
1289 3017 1370 3082 bene
1397 3019 1594 3103 intellegunt,
1623 3026 1654 3082 θῖ
1682 3027 1718 3082 ut
1745 3019 1858 3102 psalmi

247 3123 341 3207 digne
362 3122 538 3186 secundum
560 3123 732 3186 divisiones
755 3142 908 3186 versuum
930 3121 1134 3185 modulentur
1154 3126 1185 3185 et
1200 3121 1390 3184 dominicam
1408 3123 1580 3184 orationem
1599 3122 1659 3205 ipsi
1678 3120 1859 3205 intellegant

246 3232 278 3288 et
297 3224 447 3289 omnibus
468 3225 647 3308 praedicent
672 3224 930 3308 intellegendam,
958 3225 1149 3307 utquisque
1172 3225 1249 3286 sciat
1269 3223 1345 3306 quid
1368 3231 1452 3306 petat
1472 3244 1491 3286 a
1511 3221 1593 3302 Deo;
1622 3231 1653 3287 et
1675 3228 1709 3287 ut
1736 3221 1858 3286 ‘Gloria

247 3326 347 3390 Patri’
376 3347 450 3391 curn
472 3328 557 3390 ouini
584 3328 702 3390 honore
724 3327 809 3410 apud
831 3346 940 3390 omnes
961 3332 1119 3402 cantetur3
1147 3327 1265 3409 etipse
1286 3326 1431 3389 sacerdos
1453 3346 1527 3389 cum
1550 3327 1667 3389 sanctis
1687 3325 1807 3410 augelis
1827 3332 1858 3388 et

245 3429 360 3514 populo
383 3427 441 3493 Dei
462 3431 624 3493 communi
647 3448 722 3492 voce
743 3429 907 3509 'Sanctus
934 3428 1084 3508 Sanctus,
1110 3427 1262 3493 Sanctus’
1287 3428 1438 3491 decantet
1479 3426 1520 3490 Et
1540 3427 1731 3490 omnimodis
1752 3426 1858 3490 dicen·

198 3560 227 3600 se
246 3532 324 3594 dum
345 3539 393 3595 est
413 3530 605 3615 presbyteris
626 3537 657 3595 θῖ
677 3530 877 3609 diaconibus,
896 3538 932 3594 ut
953 3551 1041 3593 arma
1063 3550 1126 3593 uon
1149 3536 1287 3614 portent,
1313 3530 1367 3594 sed
1390 3530 1491 3613 magis
1515 3548 1548 3592 sc
1569 3528 1728 3592 confidant
1750 3530 1782 3591 in
1805 3529 1857 3592 de

246 3633 389 3696 tensione
409 3631 467 3696 Dei
489 3653 585 3716 quam
607 3635 638 3696 in
661 3634 765 3696 amris.

347 3737 395 3798 ll.
439 3735 607 3818 Aliquid
636 3735 835 3810 sacerdos,
867 3735 1025 3817 aliquid
1061 3734 1238 3818 populus.
1291 3733 1370 3797 Item
1404 3733 1521 3816 placuit
1554 3730 1646 3794 uobis
1680 3752 1861 3796 ammonere

247 3838 455 3901 reverentiam
475 3844 628 3913 vestram,
650 3845 685 3900 ut
713 3838 935 3921 urursquisque
955 3845 1095 3900 vestrum
1119 3837 1223 3900 videat
1242 3855 1298 3919 per
1318 3855 1409 3899 suam
1425 3833 1636 3918 parrochiam,
1658 3840 1694 3896 ut
1711 3834 1861 3898 aecclesia

247 3937 305 4003 Dei
328 3959 424 4002 suum
447 3938 559 4003 habeat
587 3939 752 4017 honorem,
778 3939 872 4002 simul
894 3945 924 4002 ct
946 3938 1054 4002 altaria
1076 3938 1252 4002 secundrun
1273 3957 1365 4001 suam
1386 3937 1569 4020 dignitatem
1592 3945 1802 4015 venerentur,
1830 3947 1861 4000 et

200 4069 228 4109 as
248 4061 311 4104 uon
335 4042 376 4104 sit
396 4041 510 4103 dumus
526 4039 585 4104 Dei
606 4048 638 4104 et
658 4041 766 4103 altaria
787 4047 907 4104 sacrata
928 4042 1034 4125 pervia
1053 4040 1200 4118 canibus,
1220 4048 1250 4102 et
1273 4048 1307 4102 ut
1328 4060 1403 4102 vasa
1424 4048 1545 4103 sacrata
1560 4039 1628 4104 Deo
1650 4058 1724 4102 cunr
1746 4059 1861 4121 magna

248 4141 409 4226 diligentia
435 4141 474 4204 ab
496 4143 542 4205 eis
563 4141 751 4225 colligantur
773 4144 828 4224 qui
859 4142 945 4226 digni
976 4148 1052 4206 suut
1078 4143 1128 4206 vel
1150 4161 1224 4205 curn
1246 4142 1364 4205 honore
1385 4149 1564 4219 servantum
1595 4150 1626 4205 et
1648 4147 1683 4204 ut
1709 4141 1861 4205 secularia

249 4246 375 4328 nogotia
395 4244 445 4308 vel
467 4244 650 4327 vaniloquia
672 4246 703 4306 in
725 4245 864 4308 ecclesiis
887 4245 950 4308 non
972 4251 1118 4328 agantur,
1146 4246 1221 4326 quia
1243 4243 1357 4307 domus
1377 4241 1435 4308 Dei
1457 4244 1572 4307 domus
1595 4244 1749 4306 orationis
1770 4242 1862 4306 debet

248 4365 332 4425 esse,
354 4365 418 4409 non
433 4346 581 4430 spelunca
595 4346 789 4415 latronum72
811 4352 843 4410 et
860 4352 896 4409 ut
919 4347 1055 4410 intentos
1076 4346 1211 4409 habeant
1232 4347 1357 4408 animos
1370 4343 1524 4409 adDoum
1543 4344 1861 4428 quandoveuiuntad

250 4448 419 4511 missarum
441 4448 640 4531 sollempnia,
664 4456 694 4511 et
714 4458 748 4511 ut
770 4468 833 4511 uon
857 4457 971 4511 exeant
992 4455 1065 4511 ante
1086 4447 1317 4530 conpletionem
1338 4445 1566 4511 benedictionis
1586 4446 1795 4515 sacerdotalis.

201 4574 230 4612 ιο
348 4551 396 4614 72.
439 4548 735 4614 Sacerdotibus.
777 4550 837 4613 Sed
859 4558 890 4613 et
911 4550 969 4612 hoc
990 4549 1170 4633 flagitamus
1195 4555 1331 4612 vestram
1355 4548 1540 4629 almitatem,
1570 4563 1605 4612 ut
1627 4549 1764 4611 ministri
1785 4548 1861 4611 alta·

250 4652 294 4715 ris
314 4649 373 4715 Dei
394 4672 489 4715 suum
512 4653 725 4715 ministerium
747 4650 838 4715 bunis
859 4651 1001 4714 moribus
1022 4656 1149 4730 ornent,
1171 4670 1227 4714 seu
1249 4650 1300 4712 alii
1314 4651 1481 4714 canonice*
1503 4650 1720 4714 observantiae
1734 4651 1861 4715 ordines

252 4752 300 4816 vel
321 4754 520 4817 monachiciw
543 4754 693 4837 propositi
716 4755 1006 4837 congregatIoues¹;
1029 4753 1246 4826 obsecramus
1268 4759 1303 4814 ut
1324 4751 1438 4815 bonaur
1462 4759 1493 4815 et
1512 4751 1706 4836 probabilem
1726 4752 1861 4816 habeant

249 4857 532 4934 conversationem,
554 4857 635 4918 sicut
656 4856 723 4938 ipse
739 4853 897 4918 Dominus
918 4857 951 4917 iu
972 4855 1160 4938 euangelio⁸
1180 4855 1344 4939 praecipit:
1366 4854 1427 4917 ‘sic
1448 4853 1549 4918 luceat
1564 4853 1621 4917 lux
1637 4844 1859 4919 resbacenum

250 4956 445 5039 hominIbus,
468 4965 502 5021 ut
523 4958 650 5021 videant
673 4976 765 5040 opera
787 4964 889 5020 vestra
911 4957 993 5020 bona
1014 4966 1044 5020 et
1064 4956 1239 5040 glorificent
1259 4962 1379 5040 patrem
1401 4962 1542 5020 vestrum
1564 4957 1673 5040 quiin
1696 4957 1770 5021 celis
1789 4957 1860 5036 θεῖ’,

201 5224 231 5264 rs
349 5204 379 5272 u)
400 5204 511 5259 dccst5.
592 5205 619 5257 v‘.
641 5204 756 5273 siel.33
771 5204 897 5259 canonici
912 5203 969 5256 (ilii.
1051 5205 1086 5270 w)
1105 5203 1232 5257 monaehi
1243 5202 1469 5258 3-5.a.1‘2.14.
1551 5203 1579 5272 x)
1602 5204 1809 5259 consecratione
1819 5204 1842 5257 5.

353 5425 402 5497 er)
423 5427 626 5496 caenam.
689 5428 740 5495 aa).
763 5426 954 5494 ironam.
1020 5427 1069 5498 aa)
1091 5425 1250 5492 arariam,
1266 5427 1309 5479 15.
1372 5424 1400 5491 ι)
1423 5424 1598 5492 caradas.
1660 5427 1689 5479 ai
1711 5429 1734 5481 1.
1747 5428 1860 5481 rama

250 5506 278 5576 e,
291 5504 337 5561 10.
440 5507 471 5579 a)
492 5507 639 5578 mosao,
655 5507 700 5561 17.
796 5507 825 5578 4)
847 5507 994 5565 saraae.
1010 5507 1053 5560 13.
1151 5506 1180 5571 s>
1203 5506 1349 5576 marro,
1367 5504 1505 5559 14-1c.
1607 5505 1635 5574 a>
1659 5507 1860 5575 samacha.

250 5585 281 5652 r)
304 5584 365 5656 cyr.
378 5585 537 5659 manaan
551 5587 596 5644 ra.
684 5587 932 5655 a).vaaa.5‚1e.

1618 5684 1653 5737 8*
