4418 6226
863 367 977 422 LIBER
998 367 1167 424 TERTIUS.
1760 366 1821 429 433

310 547 356 610 12.
396 545 446 608 De
464 562 526 606 non
547 542 677 622 cogendo
697 541 796 607 babere
817 542 851 605 in
870 541 960 605 hoste.
1004 543 1047 607 Ut
1074 544 1107 605 in
1130 543 1218 608 hoste
1249 562 1342 607 nemo
1372 563 1476 627 parem
1505 565 1598 608 suum
1628 544 1676 608 vel
1709 564 1820 628 quern-

208 647 284 711 libet
304 648 437 710 alterum
459 647 619 710 hominem
641 645 749 710 bibere
768 652 864 729 roget.
907 644 948 709 Et
969 646 1163 728 quicumque
1190 647 1224 707 in
1246 647 1386 709 exercitu
1408 646 1515 710 ebrius
1538 648 1687 711 inventus
1708 647 1814 726 tuerit,

211 752 251 812 ita
265 750 573 827 excommunicetu,
595 756 630 812 ut
645 749 678 810 in
691 747 826 811 bibendo
840 747 907 810 sola
918 767 1001 830 aqua
1013 753 1135 825 utatur,
1160 766 1328 830 quousque
1343 766 1376 810 se
1392 747 1596 812 malefecisse
1615 757 1791 832 cognoscat.

310 854 357 916 73.
399 847 450 913 De
475 848 576 912 vassis
602 848 707 911 adhuc
732 848 767 911 in
787 847 911 928 palatio
934 847 1137 910 servientibus
1169 850 1197 910 et
1223 851 1327 911 tamen
1360 847 1507 928 beneficia
1530 848 1720 912 habentibus.
1771 849 1817 914 De

184 956 311 1017 crassis
331 954 498 1017 dominicis
519 955 575 1035 qui
593 953 696 1015 adhuc
721 953 804 1015 intra
832 971 936 1015 casam
964 952 1108 1014 serviunt
1137 957 1169 1014 ct
1196 960 1302 1014 tamen
1329 951 1480 1015 beneficia
1504 952 1619 1016 habere
1641 959 1818 1016 noscuntur

209 1063 362 1119 statutum
383 1063 446 1130 est,
473 1061 509 1118 ut
530 1056 725 1137 quicumque
746 1073 787 1116 ex
814 1055 860 1117 eis
890 1073 964 1117 curn
985 1053 1101 1116 domno
1128 1054 1314 1136 imperatore
1342 1053 1426 1117 dorni
1453 1056 1639 1118 remanserit
1660 1054 1812 1119 vassallos

209 1177 284 1220 suos
305 1164 426 1220 casatos
447 1176 556 1220 secum
577 1176 640 1220 non
664 1158 809 1235 retineat,
831 1155 885 1219 sed
906 1174 981 1218 curn
1002 1156 1115 1218 comite
1136 1157 1230 1219 cuius
1252 1175 1406 1238 pagenses
1427 1164 1501 1220 sunt
1524 1159 1570 1221 ire
1589 1159 1755 1241 permittat

310 1262 355 1325 7⁴.
397 1256 447 1320 De
463 1257 707 1338 praeparatione
725 1258 770 1320 ad
789 1257 903 1320 hostem
922 1256 1095 1319 secundnm
1108 1257 1275 1337 antiqnm
1296 1257 1559 1320 conscendissem.
1601 1257 1817 1323 Constitutum

209 1371 270 1438 est,
301 1370 335 1425 ut
357 1361 533 1425 secundum
555 1362 718 1443 antiquam
739 1360 1002 1424 consuetudinem
1028 1362 1221 1443 praeparatio
1251 1361 1290 1423 ad
1318 1362 1439 1424 hostem
1465 1361 1640 1424 faciendam
1663 1362 1820 1426 indicetur

173 1483 198 1521 ιο
210 1470 240 1527 et
261 1463 458 1528 observetur:
489 1463 521 1526 id
544 1470 592 1527 est
613 1464 760 1527 victualia
787 1464 825 1526 de
846 1482 950 1526 marca
978 1463 1016 1526 ad
1038 1470 1102 1526 tres
1133 1482 1257 1526 menses
1284 1470 1315 1526 et
1335 1483 1424 1527 arma
1449 1472 1544 1546 atque
1566 1466 1753 1528 vestimenta
1778 1465 1817 1527 ad

210 1565 376 1629 dimidium
397 1586 526 1629 annum.
570 1563 662 1641 Quod
683 1573 789 1628 minen
812 1567 855 1629 ita
877 1565 1036 1629 observari
1059 1564 1193 1648 placuit,
1220 1565 1325 1628 uthis
1347 1566 1402 1647 qui
1424 1565 1463 1628 de
1482 1564 1592 1629 Rheno
1613 1565 1651 1628 ad
1676 1564 1817 1648 Ligerem

210 1676 358 1751 pergunt,
385 1666 555 1751 deligere
582 1667 710 1729 inaretea
737 1666 780 1729 ad
807 1670 869 1730 tres
890 1686 1007 1730 menses
1032 1674 1249 1751 computetur,
1279 1673 1310 1731 et
1337 1669 1391 1750 qui
1420 1665 1587 1748 deligere
1609 1666 1647 1729 ad
1668 1666 1817 1730 Rhenum

203 1771 356 1848 perperit,
387 1770 425 1833 de
446 1769 557 1833 Rheno
586 1769 714 1831 irrantea
742 1770 781 1832 ad
802 1776 865 1833 tres
891 1789 1017 1834 menses
1039 1769 1188 1833 victualia
1216 1768 1326 1831 arbae
1354 1768 1499 1844 debeant;
1528 1771 1583 1852 qni
1604 1776 1710 1833 autem
1731 1777 1819 1833 trans

209 1871 357 1934 Rhenum
379 1878 454 1934 sunt
479 1879 510 1935 et
535 1872 575 1934 ad
599 1872 770 1935 Saxoniam
797 1878 947 1955 pergunt,
973 1872 1013 1934 ad
1039 1871 1166 1934 Albiam
1195 1891 1334 1934 marcam
1357 1891 1426 1936 esso
1455 1873 1569 1949 sciant;
1599 1873 1705 1954 etqui
1726 1878 1817 1935 trans

172 1971 351 2056 abigerem
373 1980 503 2037 manent
528 1980 623 2056 atque
651 1975 683 2036 in
705 1972 891 2056 Hispaniam
921 1973 1076 2057 proficisci
1102 1972 1230 2051 debent,
1258 1980 1380 2036 montes
1403 1971 1565 2036 Pirinaeos
1592 1993 1730 2036 marcam
1753 1973 1814 2036 sibi

208 2094 276 2138 esse
298 2082 496 2158 cognoscant

309 2179 355 2242 ib.
396 2177 445 2240 De
465 2176 519 2239 hoc
538 2180 575 2239 nt
594 2196 657 2239 nore
677 2176 742 2238 nisi
760 2175 961 2255 permissione
987 2174 1086 2257 regali
1113 2175 1230 2238 brania
1257 2173 1303 2237 vet
1327 2175 1456 2255 gladius
1475 2175 1594 2238 homini
1619 2178 1765 2238 eetraneo
1797 2195 1819 2238 a

207 2277 337 2358 qnalibet
359 2278 452 2341 detur
477 2283 535 2340 ant
562 2278 765 2341 venundetur.
812 2278 1027 2342 Constitutum
1054 2286 1119 2354 est,
1147 2291 1181 2341 nt
1208 2297 1308 2357 neam
1333 2280 1499 2362 episcopus
1524 2297 1624 2358 nque
1650 2277 1731 2341 abba
1763 2284 1818 2341 aut

208 2381 365 2445 abbatissa
387 2381 437 2445 vel
458 2381 605 2464 quislibet
625 2389 726 2444 rector
745 2381 894 2444 ecclesiae
923 2381 1071 2445 bruniam
1094 2380 1144 2444 vel
1171 2379 1313 2463 gladium
1342 2382 1409 2444 sine
1432 2387 1537 2443 nostro
1565 2383 1721 2465 permissu
1743 2383 1809 2444 cui-

171 2505 198 2544 ao
209 2483 282 2547 libet
306 2486 425 2547 homini
447 2490 597 2547 extraneo
618 2492 673 2546 aut
695 2484 768 2547 dare
794 2490 849 2546 aut
872 2483 1006 2546 vendere
1034 2489 1231 2567 praesumat,
1258 2484 1318 2546 nisi
1345 2489 1469 2546 tantum
1490 2483 1633 2546 vassallis
1660 2485 1734 2547 suis
1777 2483 1817 2547 nt

210 2588 236 2649 si
263 2588 415 2661 evenerit,
445 2597 480 2649 ut
508 2588 540 2648 in
570 2585 710 2668 qualibet
737 2586 868 2650 ecclesia
892 2585 943 2649 vel
971 2593 1078 2649 sancto
1102 2586 1169 2648 loco
1197 2587 1303 2670 plures
1334 2586 1464 2648 brunias
1493 2585 1629 2648 habeant
1654 2606 1750 2669 qrram
1778 2586 1817 2648 ad

210 2689 354 2751 homines
375 2690 502 2751 rectoris
523 2688 664 2751 eiusdem
687 2688 836 2752 ecclesiae
861 2687 1035 2766 sufficiant,
1065 2695 1142 2751 tunc
1167 2689 1341 2771 principem
1367 2687 1451 2750 idem
1479 2695 1581 2751 rector
1600 2688 1749 2751 ecclesiae
1771 2690 1819 2750 in-

209 2797 357 2873 terroget,
379 2790 456 2872 quid
479 2791 517 2853 de
538 2791 587 2853 his
607 2790 707 2854 iacere
728 2793 904 2873 praecipiat

311 2894 356 2956 iti.
399 2888 448 2953 De
467 2910 638 2952 cansarum
659 2893 686 2952 et
706 2889 810 2953 litium
836 2890 987 2954 terminis.
1030 2897 1074 2956 De
1101 2893 1236 2956 termino
1265 2911 1434 2956 causarum
1461 2900 1491 2956 et
1512 2892 1613 2956 litium
1634 2894 1814 2972 statuimus,

172 3003 245 3058 narrt
266 3014 305 3057 ex
327 3014 389 3076 quo
411 2992 512 3057 bonae
533 2994 701 3056 memoriae
723 2993 860 3058 domnus
882 2994 1037 3078 Pippinus
1059 3014 1115 3058 rex
1138 2994 1216 3057 obiit
1236 3003 1267 3057 et
1288 3014 1346 3057 nos
1370 3013 1500 3077 regnare
1521 2996 1682 3078 coepimus
1703 3014 1817 3059 causae

210 3098 258 3161 vel
281 3098 351 3161 lites
371 3099 453 3160 inter
471 3103 575 3179 partes
595 3096 694 3158 factae
715 3104 811 3178 atque
832 3104 960 3160 exortae
987 3097 1199 3160 discutiantur
1219 3104 1248 3159 et
1269 3117 1408 3180 congruo
1430 3096 1489 3160 sibi
1512 3097 1628 3160 iudicio
1647 3099 1818 3160 terminen-

209 3210 277 3278 tur,
299 3201 388 3283 prius
408 3219 499 3278 vero,
526 3199 556 3261 id
584 3205 631 3261 est
655 3205 729 3261 anto
753 3197 875 3261 obitum
902 3199 1051 3282 praedicti
1078 3200 1187 3263 domni
1209 3199 1333 3283 Pippini
1362 3201 1460 3282 regis,
1487 3218 1602 3263 causae
1630 3201 1817 3264 commissae

212 3304 258 3366 vel
279 3304 408 3365 omnino
429 3322 492 3365 non
513 3308 702 3365 moveantur
722 3301 771 3363 vel
795 3301 901 3364 salvae
922 3301 1083 3384 usquead
1108 3310 1246 3364 nostram
1270 3303 1545 3384 interrogationem
1569 3308 1742 3364 serventur.

310 3406 356 3470 il.
398 3401 448 3465 De
474 3403 636 3482 episcopis,
669 3402 829 3465 cinnitibns
855 3406 882 3464 et
906 3401 1140 3481 potentioribus,
1175 3401 1204 3463 si
1231 3421 1361 3464 creusam
1384 3403 1467 3464 inter
1492 3421 1525 3463 se
1550 3401 1725 3464 habuerint.
1777 3403 1818 3467 Ut

171 3525 198 3564 ³0
209 3509 361 3591 episcopi,
390 3505 531 3575 abbates,
557 3507 688 3568 comites
708 3514 739 3568 et
765 3507 954 3588 potentiores
982 3506 1118 3588 quique,
1151 3506 1177 3567 si
1203 3524 1332 3568 causam
1357 3507 1438 3567 inter
1464 3525 1497 3568 se
1526 3504 1694 3568 habuerint
1720 3525 1755 3568 ac
1784 3524 1817 3568 se

209 3609 372 3692 pacificare
395 3609 568 3680 noluerint,
598 3607 635 3670 ad
659 3615 799 3671 nostram
821 3607 992 3671 iubeantur
1012 3607 1120 3670 venire
1140 3608 1362 3689 praesentiam,
1383 3625 1487 3690 neque
1506 3605 1632 3669 illorum
1655 3608 1813 3669 contentio

208 3711 305 3775 aliubi
328 3712 535 3789 diiudicetur,
563 3729 602 3771 ne
622 3717 748 3793 propter
775 3709 833 3773 hoc
856 3727 1032 3792 pauperum
1062 3716 1093 3772 et
1118 3710 1225 3772 minus
1253 3711 1429 3792 potentium
1452 3710 1592 3772 institiae
1621 3716 1812 3771 remaneant

209 3813 320 3897 Neque
342 3815 427 3877 ullus
447 3833 553 3876 comes
574 3812 677 3895 palatii
691 3813 787 3876 nostri
806 3813 995 3894 potentiores
1006 3830 1118 3874 cauas
1136 3813 1205 3874 sine
1224 3820 1329 3874 nostra
1352 3813 1491 3874 iussione
1509 3810 1602 3873 finire
1622 3817 1814 3894 praesumat,

210 3915 263 3978 scd
286 3923 408 3979 tanturn
431 3915 469 3978 ad
491 3934 667 3998 pauperum
680 3921 711 3977 et
722 3915 829 3976 minus
839 3914 1015 3996 potentium
1027 3915 1162 3977 iustitias
1173 3914 1331 3976 faciendas
1344 3913 1403 3976 sibi
1419 3914 1496 3976 sciat
1516 3931 1584 3976 esse
1607 3913 1792 3976 vacandum.

171 4036 198 4075 aa
309 4019 357 4082 78.
397 4017 447 4080 De
467 4016 593 4079 testibus
613 4015 731 4078 adrem
744 4013 1152 4094 qnarrrlibetdiscntiendam
1172 4013 1329 4094 eligendis.
1375 4015 1416 4079 Ut
1437 4015 1704 4098 quandocumque
1720 4021 1816 4079 testes

209 4119 247 4181 ad
270 4138 336 4181 rem
359 4119 531 4202 quamlibet
552 4118 779 4182 discutiendam
803 4118 973 4200 quaerendi
997 4124 1092 4201 atque
1114 4117 1250 4198 eligendi
1265 4127 1353 4197 sunt,
1374 4138 1392 4180 a
1411 4119 1506 4180 misso
1522 4123 1627 4180 nostro
1650 4125 1680 4180 et
1701 4119 1816 4182 comite

210 4220 242 4281 in
262 4221 355 4283 cuius
377 4221 550 4282 ministerio
572 4221 610 4282 de
632 4239 664 4282 re
677 4219 903 4302 qualicumque
917 4220 1076 4303 agendum
1091 4226 1139 4283 est
1161 4220 1237 4283 tales
1248 4220 1420 4302 eligantur,
1442 4220 1551 4303 quales
1572 4222 1681 4304 optimi
1696 4222 1727 4282 in
1749 4222 1817 4304 ipso

210 4340 288 4404 pago
309 4323 444 4383 inveniri
472 4323 600 4403 possint.
647 4320 687 4383 Et
715 4341 778 4383 non
807 4322 898 4384 liceat
926 4321 1135 4404 litigatoribus
1162 4342 1217 4405 per
1242 4324 1381 4406 praemia
1407 4321 1503 4385 falsos
1531 4329 1626 4386 testes
1649 4322 1813 4402 adducere,

210 4425 291 4487 sicut
314 4431 444 4487 actenus
465 4422 533 4485 fieri
555 4421 682 4484 solebat.

170 4546 198 4583 ao
305 4525 352 4588 19.
393 4523 442 4585 De
459 4521 574 4602 phrcito
594 4523 774 4584 senniarii.
819 4524 861 4588 Ut
882 4525 991 4588 nullus
1011 4525 1103 4588 homo
1125 4527 1159 4588 in
1173 4526 1285 4609 placito
1303 4526 1472 4589 centenarii
1494 4544 1598 4607 neque
1619 4525 1657 4588 ed
1679 4531 1813 4589 mortem

210 4627 372 4711 nequead
395 4626 569 4689 libertatem
592 4646 683 4688 suam
706 4626 912 4690 amittendam
925 4632 980 4690 aut
1000 4627 1038 4690 ad
1061 4646 1111 4689 res
1126 4627 1300 4691 reddendas
1323 4627 1371 4690 vel
1392 4628 1549 4710 mancipia
1568 4626 1738 4706 iudicetur,
1759 4626 1814 4690 sed

209 4733 268 4793 ista
288 4736 342 4792 aut
363 4730 395 4792 in
418 4729 594 4812 praesentia
613 4729 737 4791 comitis
760 4728 807 4792 vel
830 4730 1001 4792 missorum
1022 4738 1202 4793 nostrorum
1225 4730 1412 4792 iudicentur.

309 4833 357 4897 «30.
397 4829 446 4892 De
467 4828 669 4909 inquisitione
688 4832 716 4890 et
735 4827 940 4908 ‹tesoriptione
954 4829 1206 4910 nnirasrnrinsqne
1224 4829 1312 4891 missi
1332 4829 1367 4892 in
1387 4829 1619 4893 ammissatieo.
1664 4830 1704 4894 Ut
1725 4831 1814 4893 missi

210 4936 307 4998 nostri
334 4933 500 5016 diligenter
529 4932 691 5014 inquirant
723 4937 754 4994 et
782 4931 956 4994 describere
985 4932 1101 4995 faciant
1130 4935 1352 5015 unusquisque
1380 4934 1413 4995 in
1442 4952 1500 4996 suo
1529 4934 1704 5012 missatico,
1736 4932 1813 5015 quid

170 5055 197 5095 aa
211 5037 433 5119 unusquisque
452 5034 491 5097 de
513 5033 665 5096 beneficio
688 5033 800 5096 habeat
822 5033 870 5096 vel
893 5040 970 5116 quot
991 5034 1135 5098 homines
1155 5046 1277 5099 casatos
1297 5037 1330 5098 in
1352 5036 1420 5118 ipso
1441 5034 1602 5098 beneficio.

309 5143 357 5202 al.
400 5133 450 5199 De
475 5135 645 5214 benefieiis,
673 5133 809 5215 penaliter
833 5135 1010 5198 cathriae·
1039 5135 1111 5198 sint.
1154 5135 1318 5212 Quomodo
1346 5137 1454 5201 eadem
1483 5135 1633 5201 beneficia
1653 5136 1814 5200 condricta

210 5243 284 5315 sint,
305 5249 361 5303 ant
381 5241 454 5323 quis
476 5239 514 5302 de
534 5237 687 5302 beneficio
707 5237 828 5301 alodem
850 5239 1042 5322 comparavit
1063 5238 1113 5302 vel
1135 5240 1259 5303 struxit.

309 5343 357 5406 8⁴2.
398 5337 449 5403 De
468 5340 622 5419 benefieiis
641 5339 865 5419 episcoporum,
887 5338 1033 5402 abbatam
1054 5343 1082 5403 et
1103 5339 1295 5420 reliquorum
1314 5344 1342 5403 et
1363 5340 1401 5403 de
1419 5340 1506 5419 fiscis
1525 5340 1681 5420 repalibns
1700 5340 1813 5403 desem

209 5442 324 5506 bordis.
368 5442 410 5505 Ut
431 5461 494 5505 non
515 5442 618 5505 solum
632 5441 784 5506 beneficia
801 5442 1018 5525 episcoporum
1030 5442 1081 5505 vel
1094 5442 1261 5521 abbatum,
1282 5442 1512 5508 abbatissarum
1534 5451 1628 5528 atque
1649 5446 1811 5523 comitum,

170 5678 196 5718 to
310 5652 337 5716 al
361 5652 465 5703 rarlann
480 5651 508 5703 in
519 5652 609 5704 ηιιιὶιίε
624 5653 761 5705 codicibus
773 5651 846 5704 virrie
857 5656 1014 5720 comptam
1025 5658 1072 5703 art.
