4380 6248
276 362 336 426 134
789 371 934 427 KAROLI
956 373 1082 431 MAGNI
1103 375 1372 435 CAPITULARIA.

275 546 510 631 presbyterum,
532 570 596 614 non
622 552 837 618 subdiaconus
857 555 1010 620 adversus
1031 556 1215 636 diaconum,
1236 577 1301 621 non
1322 559 1453 624 acolitus
1474 562 1625 627 adversus
1646 562 1886 647 subdiaconum,

276 668 342 711 non
364 652 520 714 exorcista
540 652 693 718 adversus
714 654 879 737 acolitum,
900 678 965 720 non
986 658 1083 722 lector
1097 659 1251 724 adversus
1264 662 1467 742 exorcistam,
1488 682 1553 728 non
1565 665 1716 730 ostiarius
1736 664 1887 731 adversus

278 750 426 814 lectorem
457 752 509 815 det
540 757 773 820 accusationem
801 758 950 842 aliquam.
992 759 1034 824 Et
1060 780 1125 824 non
1152 760 1355 826 damnabitur
1379 764 1505 847 praesul
1533 766 1602 830 sine
1621 764 1751 831 LXXII
1777 776 1886 839 testem

277 870 382 934 neque
402 854 528 936 praesul
550 875 697 921 summus
716 879 734 922 a
754 879 949 944 quemquam
970 862 1177 943 iudicabitur,
1198 865 1348 948 quoniam
1371 867 1523 950 scriptum
1544 868 1628 932 est²z
1655 868 1735 932 ‘non
1757 878 1807 934 ast
1826 868 1888 934 dis·

276 954 403 1036 cipulus
424 975 520 1040 super
540 961 728 1042 magistrum
737 959 752 1022 ’.
794 961 964 1044 Presbyter
977 971 1099 1045 autem,
1121 966 1183 1029 nisi
1199 966 1234 1029 in
1246 964 1353 1030 XLIV
1373 970 1567 1049 testimonia,
1587 989 1653 1035 non
1674 970 1885 1036 damnabitur.
1915 990 1938 1033 ι

276 1053 439 1120 Diacouus
450 1064 555 1122 autem
568 1061 695 1125 cardine
706 1065 914 1128 constitutus⁶
936 1064 1025 1129 urbis
1036 1064 1172 1148 Romae,
1193 1069 1258 1131 nisi
1271 1066 1438 1134 XXXVII
1450 1091 1516 1135 non
1537 1071 1771 1157 dampnabitur.
1808 1072 1887 1138 Sub-

274 1157 458 1239 diaconusl,
480 1161 625 1244 acolitus,
647 1166 820 1245 exorcista,
840 1166 950 1248 lector,
971 1169 1051 1249 nisi,
1072 1170 1155 1232 sicut
1175 1172 1403 1255 scriptumest,
1423 1174 1458 1237 in
1472 1181 1592 1256 septem
1605 1175 1787 1239 testimonia
1807 1173 1887 1239 filios

275 1259 427 1325 habentes
448 1270 478 1326 et
499 1283 631 1328 uxorem
653 1271 684 1330 et
703 1269 833 1331 omuino
855 1268 1016 1333 Christum
1037 1271 1260 1355 praedicantes.
1301 1273 1354 1338 Sic
1373 1274 1467 1339 datur
1486 1276 1609 1340 mistica
1627 1277 1756 1341 veritas.

376 1511 402 1583 c)
423 1521 597 1571 constructus
607 1535 631 1570 c.
713 1517 742 1584 d)
764 1520 812 1574 sed
824 1520 992 1576 diaconusc.

376 1738 406 1808 a)
428 1740 585 1810 Marcam,
600 1742 645 1797 24.

421 2440 491 2544 48.
523 2431 1166 2543 MEMORATORIUM
1201 2430 1304 2539 DE
1341 2431 1729 2543 EXEROITU

863 2614 945 2723 IN
991 2612 1287 2723 GALLIA

502 2795 1022 2908 OOOIDENTALI
1059 2795 1651 2907 PRAEPARANDO.

789 2971 859 3050 807
886 2973 980 3046 initio
1005 2972 1209 3066 Aquisgrani
1234 2973 1355 3045 datum.

377 3151 542 3232 Traditur
560 3170 594 3231 iar
616 3167 777 3231 codicibus
841 3168 868 3242 11
889 3167 995 3229 Pares.
1009 3168 1098 3232 9654.
1123 3164 1181 3248 fol.
1198 3167 1239 3230 20
1299 3176 1329 3228 et
1388 3166 1418 3241 2)
1443 3165 1592 3229 l‘btzbano
1614 3168 1695 3231 datar
1715 3166 1882 3232 Pahrbitos
1898 3194 1922 3232 rs

270 3283 339 3347 5a2.
360 3278 419 3363 fol.
432 3279 486 3357 23,
515 3277 702 3359 cirac-aptum
722 3276 756 3337 z'n
777 3286 905 3358 retroque
926 3273 1048 3336 codiee.-
1068 3273 1131 3336 Iste
1153 3272 1311 3356 capitulus
1330 3271 1391 3335 fuit
1411 3273 1504 3336 datus
1524 3274 1558 3336 in
1579 3294 1663 3337 anuo
1684 3277 1820 3359 septimo
1842 3277 1880 3340 ad

270 3384 374 3467 Aquis
394 3379 556 3464 palatium.

370 3483 491 3546 Datum
512 3493 542 3543 el
559 3481 668 3542 lacessas
695 3478 784 3540 laced
803 3478 896 3541 dubie
915 3477 988 3560 (cfr.
1018 3478 1110 3541 ctiam
1141 3501 1168 3539 c.
1181 3477 1215 3557 3)
1244 3478 1419 3539 adreberctane
1445 3489 1506 3558 eat,
1532 3490 1569 3540 ut
1588 3478 1623 3541 in
1646 3477 1759 3542 Gallr'a
1786 3506 1809 3543 a
1829 3481 1882 3545 Se·

269 3610 376 3673 quam
396 3584 443 3648 ad
460 3581 645 3646 occidentem
668 3581 776 3664 poeria
797 3579 870 3661 (cfr.
891 3579 975 3663 prol.
1004 3592 1034 3642 ct
1053 3578 1208 3665 epilcpua)
1229 3579 1379 3644 annc'807
1406 3578 1587 3642 exercitales
1613 3580 1772 3665 eaprede'trb
1786 3606 1883 3667 pruc-

265 3699 446 3773 pararetur.
488 3684 621 3768 Propter
638 3683 754 3764 famem
782 3681 853 3765 (cfr.
876 3682 1014 3767 prolop.)
1035 3682 1246 3766 parenaetica
1267 3693 1363 3765 parte
1389 3693 1511 3744 tantum
1535 3682 1629 3767 repm'
1651 3682 1812 3767 expeditae
1834 3685 1883 3747 in·
1899 3710 1925 3751 ao

269 3792 356 3855 decta
384 3812 450 3853 esse
475 3786 607 3850 bellebec.
661 3784 831 3848 Eae-eicos·
858 3796 960 3846 ntalem
983 3784 1120 3867 pacrflcc
1145 3783 1271 3846 dovram
1299 3782 1402 3847 redire
1430 3782 1535 3864 licerit,
1566 3807 1638 3846 cnm
1662 3784 1824 3868 efferatae-r
1849 3787 1882 3849 ἔτι

268 3893 373 3956 cleron.
395 3888 620 3953 illocaarbcenae'
637 3886 683 3949 nd
701 3912 730 3949 a.
744 3887 818 3952 801:
842 3885 955 3949 Postea
976 3885 1057 3964 (scil.
1072 3897 1149 3970 post
1169 3897 1347 3949 convenam
1368 3884 1415 3948 ad
1430 3884 1601 3971 Inpelleee'm
1621 3885 1779 3967 habitum)
1799 3888 1884 3953 dedit

269 3996 317 4059 cis
338 3993 498 4056 licentiam
522 3989 560 4052 ad
582 3990 705 4071 propria
728 4006 867 4051 remeare
888 3997 918 4050 ct
939 3987 1045 4069 quiete
1066 3987 1237 4050 sedere...
1259 3994 1290 4051 et
1310 3987 1401 4050 illnm
1422 4007 1544 4051 annum
1565 3988 1743 4153 stqtitldue
1762 3988 1863 4172 lqoste.

1380 4088 1432 4168 (B.
1448 4090 1476 4170 I,
1497 4090 1575 4168 4575
1625 4138 1633 4153 .
1665 4138 1676 4170 ,
1700 4092 1768 4156 149.

369 4270 657 4377 Memoratcrium
679 4311 815 4395 qualiter
836 4310 1055 4374 ordinavimus
1075 4317 1201 4393 propter
1221 4311 1313 4374 famis
1334 4311 1491 4394 inopiam,
1513 4316 1550 4375 ut
1570 4311 1610 4376 dc
1630 4311 1716 4376 ultra
1736 4310 1885 4399 Sequana
1901 4340 1928 4379 as

267 4438 379 4482 omnes
400 4415 571 4480 exercitare
592 4413 733 4477 debeant.

369 4522 395 4583 1.
439 4517 610 4600 Inprimis
632 4516 827 4599 quicumque
849 4514 1001 4578 beneficia
1022 4514 1137 4578 habere
1158 4514 1321 4595 videntur,
1342 4534 1451 4579 omnes
1472 4516 1505 4578 in
1526 4516 1649 4580 hostem
1670 4518 1810 4581 veniant.

367 4624 395 4685 2.
440 4619 641 4702 Quicumque
662 4617 742 4681 liber
763 4637 891 4680 mansos
920 4619 1063 4699 quinque
1084 4616 1123 4681 de
1154 4619 1342 4701 proprietate
1369 4617 1482 4681 habere
1507 4616 1650 4697 videtur,
1677 4618 1825 4683 similiter
1847 4620 1881 4683 in

270 4724 392 4786 hostem
412 4723 531 4799 veniat3
560 4726 591 4783 et
613 4721 667 4803 qui
692 4727 842 4802 quattuor
864 4738 990 4782 mansos
1012 4718 1121 4794 habet,
1147 4720 1292 4783 similiter
1311 4719 1419 4797 faciat3
1448 4720 1505 4802 qui
1524 4725 1589 4783 tres
1608 4718 1725 4784 habere
1745 4720 1881 4800 ndenu,

268 4825 412 4888 similiter
433 4830 511 4907 agat.
555 4822 757 4904 Ubicumque
778 4830 884 4884 autern
906 4822 1028 4884 inventi
1050 4821 1168 4884 fuerint
1188 4822 1267 4901 duo,
1289 4841 1426 4904 quorum
1447 4822 1673 4905 unusquisque
1689 4821 1771 4886 duos
1791 4842 1881 4887 man·
1897 4852 1925 4890 ro

269 4946 321 4989 sos
341 4925 455 4989 habere
476 4926 610 5005 videtur,
632 4944 718 4987 uuus
744 4924 843 4986 alium
866 4942 1052 5007 praeparare
1077 4924 1185 4998 faciat;
1215 4930 1246 4986 ct
1272 4924 1327 5006 qui
1355 4922 1469 4987 melius
1493 4942 1534 4987 ex
1561 4923 1639 5006 ipsis
1665 4925 1819 5007 potuerit,
1845 4926 1879 4989 in

269 5028 390 5092 hostem
413 5028 524 5090 veniat
566 5026 607 5089 Et
627 5026 683 5089 ubi
705 5027 825 5089 inventi
846 5026 963 5088 fuerint
984 5025 1064 5105 duo,
1094 5044 1231 5108 quorum
1254 5044 1339 5088 uuus
1366 5023 1478 5088 habeat
1498 5024 1580 5089 duos
1600 5043 1729 5091 mansos
1750 5032 1783 5091 et
1801 5026 1880 5091 alter

269 5128 383 5193 habeat
402 5149 503 5192 unum
526 5149 688 5206 mansum,
716 5128 861 5191 similiter
881 5146 915 5190 se
942 5128 1060 5190 sociare
1083 5126 1199 5190 faciant
1226 5133 1257 5190 et
1286 5146 1371 5190 unus
1396 5127 1529 5191 alterum
1558 5132 1738 5212 praeparet;
1765 5136 1797 5193 et
1823 5129 1877 5213 qui

267 5232 382 5295 melius
409 5233 559 5314 potuerit,
593 5232 624 5293 in
653 5231 774 5293 hostem
807 5231 917 5292 veniat.
967 5227 1169 5312 Ubicumque
1201 5236 1308 5292 autern
1341 5236 1403 5292 tres
1428 5229 1548 5294 fuerint
1573 5229 1714 5308 inventi,
1741 5248 1878 5314 quornm

269 5335 492 5416 unusquisque
518 5352 667 5395 mansum
695 5351 796 5395 unum
823 5331 946 5410 habeat,
981 5330 1045 5393 dno
1072 5332 1205 5395 tercium
1231 5350 1416 5415 praeparare
1444 5331 1574 5410 faciant3
1608 5330 1797 5416 exquibus
1823 5333 1880 5417 qui
1896 5364 1925 5405 a

268 5435 383 5499 melius
407 5440 522 5518 potest,
547 5436 580 5497 in
606 5434 729 5497 hostem
761 5435 874 5497 veniat.
926 5434 976 5496 Illi
1000 5453 1075 5496 vero
1103 5435 1159 5516 qui
1191 5433 1359 5497 dimidium
1392 5453 1542 5498 maneum
1568 5432 1704 5505 habent,
1735 5435 1881 5519 quinque

270 5546 397 5602 sextum
417 5556 602 5621 praeparare
627 5536 750 5600 faciant.
800 5536 841 5599 Et
869 5537 923 5619 qui
951 5537 995 5599 sic
1025 5555 1145 5621 pauper
1171 5537 1323 5600 inventus
1348 5536 1444 5601 duent
1466 5536 1524 5619 qui
1548 5554 1608 5601 nec
1634 5536 1795 5621 mancipia
1818 5554 1879 5601 nec
