4380 6248
820 393 966 449 KAROLI
988 394 1113 450 MAGNI
1135 393 1408 451 CAPITULARIA.
1888 392 1928 456 79

315 573 435 638 Ir'crolr'
451 573 576 655 titulus,
597 576 657 658 qui
673 574 707 636 ia
727 573 877 659 pondre
897 576 987 638 zbr'trb
1008 576 1143 657 oboeru't,
1169 599 1251 639 ontio
1264 580 1322 642 acl
1344 577 1529 639 orneabrem
1551 575 1714 659 epistolam
1729 575 1926 639 ‹kirtmwtret

322 678 421 740 Verbo
441 700 521 761 pirae
540 677 600 739 aab
610 677 682 757 fine
701 675 861 761 kyrrnarr:
882 675 925 738 Et
944 675 1051 740 nullus
1071 675 1244 741 monachus
1264 677 1340 741 foris
1360 677 1550 740 monasterio
1571 675 1736 740 iudiciaria
1752 686 1858 740 teneat
1868 699 1928 741 nec

314 801 372 865 per
392 777 503 842 mallos
523 789 555 841 et
580 776 708 864 publica
725 777 843 864 placita
862 787 976 864 pergat
997 780 1038 842 nb
1065 779 1198 863 epistola
1218 781 1342 843 ortamno
1359 780 1465 843 alama
1486 791 1561 843 sunt
1580 791 1610 842 et
1631 781 1685 842 nic
1697 803 1761 864 pro
1778 780 1928 864 pertuleras

315 880 428 944 haberi
438 893 583 965 peccarat
1463 882 1516 961 (B.
1529 883 1562 962 l,
1584 882 1658 960 2013
1681 880 1718 944 P.
1730 882 1763 962 I,
1782 881 1847 959 52.)

283 1095 296 1134 ⁵
416 1040 599 1166 Karalus,
618 1087 720 1170 gratia
740 1084 798 1149 Dei
819 1105 875 1149 rex
898 1085 1095 1149 Francorum
1115 1094 1146 1150 et
1166 1085 1445 1169 Langobardorum
1468 1104 1505 1148 ac
1526 1087 1676 1168 patricius
1699 1084 1928 1166 Romanorum,

316 1185 474 1272 Baugullo
493 1187 599 1251 abbati
619 1195 650 1251 et
671 1189 758 1250 omni
779 1189 1028 1271 congregationi,
1048 1187 1104 1251 tibi
1129 1191 1223 1252 etiarn
1244 1189 1422 1251 commissis
1442 1186 1590 1250 fidelibus
1611 1186 1789 1251 oratoribus
1809 1189 1927 1251 nostris

314 1291 348 1353 in
370 1291 594 1374 omnipotentis
613 1287 672 1352 Dei
693 1291 822 1354 nomine
840 1289 1007 1353 amabilem
1027 1289 1202 1354 direximus
1224 1290 1367 1354 salntem.

416 1391 536 1455 Notum
556 1392 654 1475 igitur
675 1393 716 1454 sit
736 1389 803 1455 Deo
822 1392 952 1474 placitae
973 1392 1132 1455 dovotioni
1154 1399 1289 1472 vestrae,
1311 1393 1385 1475 qnia
1407 1411 1466 1454 nos
1486 1411 1551 1454 una
1566 1411 1639 1454 curn
1650 1391 1798 1455 fidelibus
1810 1394 1928 1456 nostris

314 1493 587 1557 consideravimus
608 1493 684 1557 utile
704 1512 787 1574 esse,
814 1500 865 1557 ut²
893 1496 1051 1577 episcopia
1077 1501 1109 1557 et
1127 1496 1317 1558 monastario
1338 1493 1430 1557 nobis
1452 1492 1574 1557 (llnisto
1595 1495 1728 1577 propitio
1750 1494 1790 1557 ad
1812 1493 1928 1577 guber·

268 1612 296 1649 10
315 1595 457 1659 nandum
484 1597 654 1659 commissa
679 1603 802 1679 praeter
830 1596 982 1679 regularis
1002 1598 1086 1660 vitae
1108 1597 1253 1659 ordinem
1273 1603 1368 1679 atque
1390 1602 1516 1659 sanotrie
1536 1595 1695 1678 religionis
1715 1598 1928 1660 conversatio·

317 1716 390 1760 nem
411 1698 505 1760 etiam
518 1698 552 1760 in
564 1698 739 1760 litterarum
759 1694 1016 1758 meditationibus
1030 1696 1076 1758 eis
1093 1696 1148 1778 qui
1161 1694 1298 1757 donante
1308 1692 1445 1758 Domino
1460 1695 1580 1760 discere
1601 1708 1734 1780 possunt
1749 1698 1926 1762 secundum

316 1801 571 1883 uniuscuiusque
592 1800 793 1883 capacitatem
817 1797 949 1861 docendi
971 1798 1114 1861 studium
1135 1796 1268 1860 debeant
1285 1797 1482 1880 impendere,
1504 1800 1652 1882 nuditer,
1674 1802 1755 1863 sicut
1772 1801 1927 1883 regularis

317 1921 429 1964 norma
455 1902 649 1966 honestatem
671 1921 810 1981 morum,
838 1902 882 1963 ita
911 1919 1039 1983 qnoque
1067 1899 1198 1963 docendi
1226 1906 1257 1962 et
1284 1900 1425 1962 discendi
1451 1903 1601 1974 instantia
1628 1902 1750 1966 ordinet
1777 1914 1808 1966 ct
1836 1909 1926 1966 ornet

316 2005 428 2067 seriem
452 2003 636 2082 verborum,
668 2010 717 2082 ut,
746 2004 801 2085 qui
827 2001 894 2065 Deo
920 2002 1043 2085 placere
1068 2008 1220 2085 appetunt
1247 2007 1329 2065 recte
1357 2003 1507 2082 vivendo,
1535 2005 1563 2066 ei
1591 2006 1684 2068 etiam
1713 2005 1835 2088 placere
1862 2025 1925 2068 non

272 2119 297 2159 1⁵
316 2106 477 2189 negligant
497 2112 580 2170 recte
600 2105 767 2189 loquendo.
811 2104 970 2187 Scriptum
992 2109 1040 2167 est
1060 2105 1160 2167 enim:
1182 2104 1265 2166 ‘Ant
1285 2123 1325 2167 ex
1347 2104 1452 2167 vorbis
1474 2107 1539 2168 tuis
1555 2105 1790 2177 iustificaberis,
1812 2115 1867 2171 ant
1885 2127 1925 2170 ex

316 2207 422 2271 verbis
442 2210 507 2271 tuis
528 2207 831 2271 condemnaberis’l.
873 2206 1027 2282 eramvis
1055 2207 1141 2269 enim
1162 2205 1276 2269 melius
1298 2207 1339 2268 sit
1359 2205 1439 2269 bene
1460 2206 1560 2271 fricare
1582 2229 1676 2291 quam
1701 2229 1808 2287 nosse,
1837 2211 1926 2292 prius

317 2318 420 2372 tamen
443 2315 490 2373 est
511 2329 605 2373 nosse
626 2329 723 2392 quam
742 2310 851 2372 lacere.
893 2307 995 2371 Debet
1014 2328 1088 2391 orgo
1111 2309 1247 2391 quisquo
1269 2309 1389 2372 discere
1412 2311 1497 2393 quod
1518 2318 1604 2394 optat
1618 2312 1761 2395 implore,
1784 2319 1819 2374 ut
1839 2318 1928 2374 tanto

317 2410 446 2475 uberius
467 2412 544 2494 quid
573 2431 664 2495 agere
689 2410 801 2474 debeat
828 2410 981 2492 intelligat
1006 2411 1128 2489 anima,
1156 2416 1275 2492 quanto
1303 2411 1334 2472 in
1364 2412 1588 2495 omnipotentis
1608 2411 1666 2476 Dei
1689 2412 1836 2477 laudibus
1857 2416 1927 2477 sino

316 2513 552 2577 merulaciornm
574 2513 771 2577 offendiculis
792 2513 968 2575 cucurrerit
988 2512 1106 2595 lingua.
1149 2510 1231 2574 Nam
1253 2531 1327 2575 curn
1349 2513 1499 2578 omnibus
1520 2514 1702 2578 horninibus
1716 2517 1842 2579 vitanda
1863 2518 1928 2579 sint

271 2636 298 2670 τυ
315 2616 493 2695 mendacia,
514 2623 633 2699 quanto
651 2617 752 2697 magis
765 2615 808 2677 illi
823 2613 1001 2677 secundum
1023 2613 1260 2697 possibilitatem
1283 2615 1439 2679 declinare
1459 2616 1589 2697 debent,
1611 2619 1665 2700 qui
1685 2619 1724 2681 ad
1738 2619 1928 2682 hoosolurn-

316 2719 409 2782 modo
435 2719 609 2803 probantur
637 2718 742 2797 electi,
773 2724 809 2781 ut
834 2719 952 2781 servire
978 2716 1154 2800 specialiter
1181 2716 1316 2781 debeant
1336 2719 1466 2781 veritati
1508 2718 1685 2783 Nemeum
1707 2720 1799 2783 nobis
1821 2723 1852 2783 in
1875 2721 1925 2783 liis

315 2822 407 2884 annis
434 2842 451 2883 a
480 2820 643 2884 nonnullis
668 2823 868 2883 monasteriis
894 2821 1019 2904 saepius
1047 2821 1162 2903 scripta
1183 2821 1408 2901 dirigerentur,
1436 2822 1622 2904 inquibus,
1649 2825 1734 2906 ‹prml
1756 2844 1813 2907 pro
1834 2823 1928 2886 nobis

316 2923 425 2986 fratres
447 2922 562 2986 ibidem
584 2930 815 2986 commorantes
838 2925 870 2985 in
893 2924 990 2986 sacris
1011 2929 1042 2985 et
1068 2923 1129 3002 piis
1150 2922 1345 2985 orationibus
1368 2923 1576 3003 decertarent,
1601 2925 1847 3007 significaretur,
1874 2948 1926 2986 cn-

314 3026 485 3107 gnovimus
506 3027 538 3088 in
552 3026 711 3108 plerisque
732 3025 878 3108 praefatis
899 3024 1185 3107 conscriptionibus
1203 3025 1376 3088 eorundem
1398 3034 1429 3088 et
1450 3045 1564 3089 sensus
1585 3034 1684 3090 rectis
1705 3037 1736 3090 et
1763 3047 1926 3090 sermones

270 3142 297 3182 τὸ
316 3127 466 3204 incultos;
489 3129 579 3210 quia,
601 3128 685 3210 quod
706 3129 757 3210 pia
778 3128 902 3190 devotio
923 3128 1055 3191 interius
1078 3127 1213 3189 fideliter
1230 3126 1380 3206 dictabat,
1401 3128 1459 3189 boc
1474 3130 1615 3191 exterius
1628 3140 1753 3214 propter
1767 3129 1924 3212 negligen-

314 3230 390 3291 tiam
413 3229 552 3293 discendi
575 3230 684 3313 lingna
704 3229 862 3292 inerudita
884 3229 1060 3311 exprimere
1082 3229 1151 3291 sine
1172 3228 1415 3310 reprehensione
1438 3249 1499 3291 mm
1522 3230 1654 3293 valebat.
1699 3232 1789 3295 Unde
1805 3232 1924 3293 lactum

315 3342 376 3403 est,
405 3337 440 3394 ut
460 3333 571 3396 timere
591 3333 818 3415 inciperemus,
840 3351 880 3394 ne
901 3331 994 3410 forte,
1016 3331 1099 3392 sicut
1120 3331 1224 3392 minor
1243 3336 1310 3392 erat
1329 3332 1363 3393 in
1386 3331 1551 3394 scribendo
1573 3333 1753 3416 prudentia,
1782 3335 1823 3396 ita
1846 3354 1924 3416 ‹pro-

315 3452 378 3516 qne
404 3440 435 3497 et
456 3434 557 3497 multo
582 3435 686 3497 minor
712 3439 794 3497 esset
814 3453 910 3516 claram
931 3438 1014 3496 recte
1039 3451 1108 3495 esse
1129 3432 1289 3496 debuisset
1310 3434 1342 3496 in
1365 3442 1545 3497 sanctarum
1568 3437 1792 3518 seripurmrum
1815 3435 1855 3498 ad
1878 3437 1926 3497 in-

314 3535 519 3618 telligendum
548 3537 708 3619 sapientia.
757 3535 798 3599 Et
822 3535 903 3599 bene
924 3537 1074 3598 novimus
1095 3554 1221 3615 (amnes,
1249 3537 1335 3618 qnia,
1365 3538 1511 3618 qrrimrvis
1533 3538 1698 3620 periculosi
1719 3539 1782 3600 sint
1802 3558 1925 3601 errores

269 3637 499 3715 acerborum,
521 3638 621 3702 multo
642 3638 881 3721 periculosiores
903 3644 979 3700 sunt
999 3657 1120 3700 errores
1140 3657 1303 3700 sensuum.
1347 3636 1559 3713 Quamobrem
1584 3641 1746 3702 hortamur
1766 3660 1822 3703 viis
1844 3641 1924 3703 litte·

315 3758 421 3802 rarum
444 3740 549 3803 studia
571 3760 634 3803 nou
657 3740 758 3803 solum
775 3760 839 3802 nou
853 3739 1025 3823 negligere,
1046 3759 1159 3801 verum
1181 3740 1276 3801 etiarn
1299 3739 1475 3803 humillima
1498 3740 1606 3804 ctDco
1628 3741 1738 3824 placita
1752 3742 1926 3805 intentione

315 3840 353 3902 ad
376 3841 435 3903 hoc
456 3843 597 3905 certatim
620 3842 753 3921 discere,
781 3851 817 3905 ut
836 3842 961 3905 facilius
982 3848 1013 3904 et
1035 3842 1151 3904 rectius
1173 3841 1352 3904 divinarum
1376 3844 1601 3924 scripturarum
1624 3844 1772 3923 nrysteriu
1794 3843 1924 3906 valeatis

315 3951 485 4025 penetrare.
529 3943 610 4007 Cum
631 3952 737 4007 alitem
761 3946 792 4007 in
815 3946 911 4007 sacris
939 3944 1062 4027 paginis
1091 3943 1264 4022 schemata,
1293 3946 1371 4027 tropi
1394 3952 1423 4007 ot
1449 3952 1570 4007 ‹eaeteru
1598 3946 1646 4007 bis
1673 3944 1787 4007 similia
1809 3947 1923 4007 inserta

317 4045 535 4123 inveniantur,
570 4046 649 4110 nulli
677 4046 811 4110 dubium
834 4053 895 4125 ost,
928 4045 1012 4128 quod
1040 4065 1077 4109 ea
1103 4046 1328 4128 unusquisqne
1354 4046 1461 4126 legens
1488 4053 1574 4109 unito
1603 4048 1696 4109 citius
1722 4048 1927 4130 spiritualiter

270 4163 298 4202 aa
317 4147 478 4231 intelligit,
500 4155 618 4231 quanto
640 4150 728 4231 prius
749 4150 783 4211 in
805 4148 980 4211 litterarum
1002 4148 1182 4230 magisterio
1203 4147 1329 4230 plenius
1350 4149 1524 4211 instructus
1545 4149 1647 4212 lirerit
1687 4148 1776 4211 Tales
1795 4169 1867 4211 vern
1886 4149 1923 4211 nd

317 4251 375 4313 boc
396 4270 476 4333 opus
497 4252 556 4313 viri
578 4251 750 4335 eligantur,
778 4251 832 4334 qui
859 4258 889 4312 ct
911 4249 1105 4312 voluntatem
1132 4255 1162 4312 et
1187 4248 1424 4332 possibilitatem
1447 4250 1589 4313 discendi
1608 4258 1638 4314 et
1658 4250 1848 4314 ‹lesiderium
1871 4251 1925 4313 lra-

319 4352 411 4415 beant
438 4352 515 4416 alios
544 4353 728 4416 instruendi.
775 4350 816 4415 Et
843 4352 901 4415 hoc
932 4358 1056 4415 tantum
1090 4371 1127 4414 ea
1155 4352 1328 4414 intentione
1354 4358 1480 4434 agatur,
1508 4373 1570 4436 qun
1597 4353 1804 4415 devotiones
1833 4351 1925 4415 nobis

318 4456 514 4538 praecipitur.
563 4455 717 4539 Optamus
746 4455 832 4518 enirn
861 4474 933 4533 voa,
962 4456 1044 4516 sicut
1073 4454 1161 4517 decet
1188 4453 1337 4516 ccclesiae
1365 4454 1494 4534 milites,
1521 4462 1552 4516 ot
1578 4456 1710 4517 interius
1739 4454 1867 4518 ‹lovoms
1893 4468 1924 4517 et

317 4558 458 4620 exterius
484 4557 592 4621 doctos
618 4565 785 4640 castosque
806 4556 887 4620 bene
913 4557 1050 4619 vivendo
1071 4564 1101 4620 et
1123 4555 1325 4619 scholasticos
1346 4555 1424 4619 bene
1454 4557 1629 4639 locpremln,
1660 4564 1712 4636 nt,
1739 4559 1924 4640 ‹pricunque

271 4674 299 4712 ιο
319 4678 375 4721 vos
396 4667 521 4743 propter
541 4679 656 4723 nomen
678 4657 806 4722 Domini
822 4665 853 4721 et
873 4668 999 4721 sanotae
1019 4659 1266 4721 conversationis
1289 4657 1481 4721 nobilitatem
1504 4658 1542 4721 ad
1564 4658 1735 4721 videndum
1750 4660 1926 4741 expetierit,

318 4762 399 4824 sicut
419 4762 458 4824 de
478 4771 606 4845 aspectu
629 4767 731 4825 vestro
753 4760 937 4824 aedificatur
955 4763 1061 4839 visus,
1081 4763 1263 4843 itaquoque
1275 4760 1313 4823 de
1327 4761 1479 4842 sapientia
1494 4768 1610 4840 vestra,
1631 4780 1728 4843 qumn
1745 4762 1776 4822 in
1794 4760 1925 4844 legendo

318 4882 374 4926 sen
395 4864 549 4927 cantando
570 4864 757 4946 perceperit,
785 4863 960 4925 instructus
981 4863 1188 4945 omnipotenti
1209 4859 1345 4924 Domino
1366 4863 1484 4941 gratias
1505 4862 1626 4944 agendo
1646 4862 1789 4943 gaudens
1810 4863 1923 4925 redeat.

317 4964 424 5029 Huius
445 4967 552 5048 itaque
572 4965 721 5049 epistolae
736 4964 927 5046 exemplaria
940 4964 979 5026 ad
992 4983 1103 5026 omnes
1124 4963 1331 5047 suffragantes
1348 4972 1484 5047 tuosque
1504 4965 1705 5046 coepiscopos
1726 4972 1755 5026 ct
1777 4985 1832 5047 per
1855 4965 1924 5026 uni-

318 5087 408 5130 versa
429 5069 618 5131 monasteria
639 5066 730 5150 dirigi
754 5087 816 5129 non
840 5066 996 5149 negligaS,
1018 5068 1044 5128 si
1065 5067 1199 5149 gratim
1220 5074 1357 5128 nostram
1382 5065 1574 5128 habereris.
1617 5063 1669 5146 [lit
1691 5066 1797 5129 nullus
1816 5086 1924 5129 moriu-

271 5187 299 5226 ⁴⁵
317 5171 396 5233 chus
425 5170 501 5233 foris
541 5170 731 5233 monasterio
765 5168 926 5230 iudiciaria
959 5176 1077 5247 teneat,
1119 5188 1176 5231 nec
1209 5188 1265 5250 per
1293 5168 1404 5231 mallos
1438 5181 1469 5231 et
1501 5166 1627 5250 publica
1662 5169 1775 5251 placita
1807 5176 1922 5251 pergat.

319 5270 439 5355 [egens
459 5270 581 5354 valeat]

416 5438 444 5505 a)
464 5455 516 5508 per
527 5438 595 5490 aeid.
610 5436 695 5506 Jnffe'.

419 5586 448 5656 1}
468 5585 628 5640 tractans
637 5587 712 5654 XII,
726 5585 772 5641 37.
