4380 6248
901 393 1047 448 Prrrrnr
1073 370 1340 451 carrrrnnnra
1883 392 1924 456 43

417 551 445 613 2.
487 547 531 612 Ut
551 548 596 612 illi
617 550 772 634 episcopi,
790 549 933 628 abbates,
953 547 1127 612 abbatissas
1148 548 1208 613 sub
1229 549 1338 613 ordine
1359 556 1467 614 sancto
1488 551 1605 614 vivant

417 653 446 715 3.
489 649 532 714 Ut
560 651 711 734 quicquid
740 652 893 735 episcopi,
919 648 1048 714 abbates
1076 650 1125 713 vel
1155 649 1329 715 abbatissas
1357 652 1408 715 rel
1435 653 1549 735 reliqui
1571 652 1747 716 sacerdotes
1769 652 1924 717 derebus

317 750 520 815 ecclesiarum
547 752 587 815 ad
612 771 722 815 eornm
745 770 825 836 opus
852 750 983 843 habent,
1012 753 1118 834 quieto
1146 752 1255 817 ordine
1284 754 1480 836 possideant,
1512 755 1594 818 sicut
1619 755 1652 817 in
1681 760 1787 818 nostra
1811 755 1923 818 sinodo

317 854 380 916 iam
401 854 610 918 constitutum
623 854 721 932 fuit¹;
743 860 775 918 et
794 855 821 917 si
844 855 917 937 quis
938 853 1054 917 exinde
1074 861 1182 937 postea
1202 854 1322 938 aliquid
1342 855 1494 936 abtraxit,
1515 855 1576 919 sub
1591 857 1769 940 integritate
1786 857 1902 921 reddat

284 981 298 1019 s
416 956 444 1020 4.
487 954 530 1019 Ut
550 956 590 1019 ad
611 955 682 1019 illos
701 975 857 1040 pauperes
877 956 1021 1020 homines
1039 957 1139 1041 magis
1159 977 1224 1020 non
1245 957 1357 1022 tollant
1376 960 1437 1021 nisi
1461 963 1617 1042 quantum
1636 957 1773 1041 legitime
1792 958 1923 1023 reddere

317 1056 440 1122 debent

416 1160 444 1224 5.
487 1157 689 1243 ericnmque
702 1165 847 1223 nostram
869 1159 1060 1224 beneficium
1080 1159 1188 1232 habet,
1210 1159 1290 1225 bene
1311 1158 1355 1224 ibi
1376 1159 1523 1224 laboredb
1544 1167 1575 1224 et
1595 1161 1793 1245 condirgatl3
1815 1166 1847 1225 et
1867 1163 1922 1245 qui

319 1260 378 1323 hoc
398 1260 500 1325 facere
520 1280 585 1324 non
606 1261 692 1342 vult,
713 1262 850 1325 dimittat
869 1263 975 1345 ipsrnn
995 1260 1185 1327 beneficium
1206 1270 1237 1327 et
1257 1268 1385 1328 teneant
1404 1282 1479 1326 suas
1499 1281 1550 1326 res
1570 1263 1721 1346 proprias.

418 1363 445 1428 e
487 1360 689 1447 ericumque
709 1365 744 1426 in
766 1365 877 1427 itinere
897 1364 998 1447 pergit
1018 1370 1074 1427 aut
1095 1364 1248 1428 hostiliter
1268 1363 1318 1427 rel
1340 1364 1381 1427 ad
1401 1351 1568 1447 placitum,
1595 1364 1684 1427 nulla
1711 1382 1806 1448 super
1826 1383 1922 1428 suum

272 1489 299 1528 ro
319 1483 393 1548 pare
414 1464 578 1548 praendat,
604 1465 666 1528 nisi
691 1483 795 1529 emere
816 1473 872 1529 aut
891 1484 1038 1548 praecare
1058 1468 1207 1549 potuerit,
1233 1471 1363 1550 excepto
1384 1464 1499 1545 herba,
1520 1484 1605 1549 aqua
1624 1471 1656 1529 et
1677 1465 1777 1549 ligna3
1800 1466 1827 1528 si
1848 1483 1923 1529 vero

317 1566 406 1630 talise
427 1572 552 1650 tempus
571 1567 680 1637 fuerit,
700 1568 899 1631 mansionem
919 1567 1029 1631 nullus
1049 1575 1140 1632 vetet

416 1668 444 1732 i.
486 1666 688 1752 Quicumque
709 1669 804 1732 horno
827 1687 922 1751 super
943 1689 1039 1732 suum
1059 1689 1181 1753 parem,
1208 1670 1286 1734 dum
1312 1670 1351 1733 ad
1372 1689 1431 1733 nos
1450 1669 1560 1749 brerit,
1587 1669 1707 1753 aliquid
1734 1667 1923 1733 abstraxerit

316 1776 373 1834 aut
395 1769 624 1851 exfortiaverit,
644 1770 821 1835 secundum
842 1790 934 1834 suam
954 1770 1056 1854 legem
1076 1772 1233 1855 triplititer
1256 1778 1420 1856 conponat

416 1873 445 1938 8.
487 1871 522 1937 Si
542 1871 659 1956 aliquis
679 1873 773 1937 homo
794 1879 867 1936 ante
887 1892 946 1936 noa
968 1892 1002 1937 se
1022 1873 1253 1954 reclamaverit,
1282 1873 1445 1938 licenciam
1466 1870 1579 1936 habeat
1599 1871 1638 1934 ad
1659 1891 1718 1935 nos
1738 1873 1862 1951 venire,
1892 1879 1923 1937 et

270 1997 297 2038 ra
318 1973 426 2038 nullus
447 1993 522 2038 eum
542 1993 600 2059 per
616 1974 709 2038 fortia
729 1974 880 2040 deteneat

414 2079 442 2142 9.
484 2074 532 2141 De
552 2077 616 2141 illis
639 2076 800 2141 beneficiis
820 2077 906 2141 unde
929 2078 1060 2141 intentio
1081 2084 1129 2142 est
1150 2078 1315 2156 volumus,
1336 2082 1372 2140 ut
1391 2077 1452 2161 ipsi
1472 2095 1526 2139 eos
1544 2074 1679 2140 habeant
1700 2075 1817 2160 quibus
1831 2083 1922 2141 antea

316 2178 470 2242 dedimus.

418 2283 464 2347 10.
509 2279 551 2344 Ut
572 2299 683 2345 omnes
703 2280 848 2345 homines
874 2301 987 2345 eorum
1014 2281 1092 2365 legis
1111 2279 1261 2361 habeant,
1289 2287 1354 2344 tam
1374 2278 1509 2343 Romani
1531 2300 1627 2363 quam
1648 2288 1680 2344 et
1702 2280 1812 2357 Salici,
1837 2286 1868 2342 et
1895 2280 1923 2342 si

317 2382 358 2448 de
377 2382 439 2446 alia
460 2383 621 2466 provincia
641 2383 822 2462 advenerit,
843 2382 1031 2447 secumdum
1051 2383 1153 2467 legem
1173 2383 1274 2467 ipsius
1293 2383 1412 2466 patriae
1434 2382 1528 2444 vivat

270 2508 297 2546 ao
418 2485 465 2550 ll.
507 2483 552 2550 Ut
572 2504 683 2549 omnes
703 2485 775 2549 laici
796 2490 827 2548 et
847 2485 1006 2549 seculares
1027 2486 1083 2568 qui
1104 2504 1155 2549 res
1176 2484 1324 2549 eeclesiae
1343 2489 1452 2549 tenent
1468 2484 1624 2567 precedes
1644 2483 1719 2548 inde
1739 2485 1901 2567 accipiant

417 2586 463 2651 12.
503 2585 549 2651 Ut
570 2587 722 2671 quicquid
743 2588 833 2651 missi
861 2588 960 2651 nostri
988 2606 1063 2650 cnm
1088 2586 1151 2650 illis
1172 2584 1350 2651 senioribus
1370 2587 1488 2669 patriae
1514 2585 1554 2648 ad
1576 2591 1721 2649 nostrum
1747 2585 1922 2669 proiectum

317 2687 367 2753 vel
388 2693 515 2753 sanctae
535 2688 684 2753 ecclesiae
704 2689 819 2753 melius
840 2689 1071 2768 consenserint,
1095 2688 1204 2752 nullus
1224 2687 1413 2753 contendere
1434 2687 1492 2751 hoc
1512 2687 1721 2770 presserant

417 2917 447 2987 b)
469 2917 564 2972 labore
582 2917 630 2973 det
646 2916 791 2989 condirgat
803 2936 827 2970 c.
916 2916 942 2987 c)
965 2917 1069 2971 Dubito
1087 2936 1124 2970 an
1139 2916 1266 2972 hiemalis
1283 2916 1474 2987 cowipeodum
1493 2916 1529 2970 ait
1541 2917 1689 2970 mam
1701 2915 1814 2987 Ibpp'ni
1826 2914 1924 2968 Italiac

314 2998 386 3068 repis
397 2997 549 3068 capntnlcre
563 2997 694 3068 Papiam
706 3015 732 3050 a.
745 2996 800 3050 787
818 2998 835 3065 (
833 2998 910 3067 infra
919 2997 986 3068 Cap.
995 2997 1056 3067 93.)
1070 2998 1100 3051 io
1112 3015 1166 3067 qao
1177 2997 1275 3067 lepitur
1286 3015 1346 3068 cap.
1359 3004 1472 3066 qaiarto:
1485 3001 1514 3051 et
1527 2997 1639 3067 quando
1652 2995 1800 3051 hibernum
1814 3001 1923 3065 ternpus

268 3094 297 3136 aa
316 3077 415 3147 fuerit,
435 3077 529 3132 nullus
542 3077 643 3132 debeat
656 3078 827 3133 mansionem
840 3084 935 3132 vetare
949 3078 984 3132 ad
998 3077 1136 3132 iterantes
1215 3076 1245 3147 d)
1266 3076 1388 3147 Explicit
1399 3076 1522 3147 capitula
1535 3075 1630 3148 Pipini
1645 3075 1761 3131 condam
1776 3076 1845 3128 add.
1858 3093 1882 3130 c.

417 3300 445 3370 l)
469 3301 669 3371 Hoimrynodi
677 3302 768 3372 capito
781 3302 862 3356 bodie
874 3319 928 3354 noo
941 3309 1030 3355 eam
1043 3301 1183 3368 abactam
1203 3301 1256 3369 cyr.
1271 3308 1361 3354 anum
1371 3317 1455 3371 capno
1469 3299 1537 3370 Cap.
1549 3298 1638 3353 Saea
1652 3297 1724 3366 744,
1744 3315 1805 3369 cap.
1817 3299 1842 3352 3.
