4380 6248
862 379 1005 435 KAROLI
1028 379 1063 433 M.
1085 377 1353 436 CAPITL'LARIA.

477 809 571 915 127.
611 803 976 915 RIHOOLFI
1020 804 1601 915 ARCHIEPISOOPI
1638 806 1748 915 AD

697 973 1108 1084 EGINONEM
1154 973 1534 1084 EPISTOLA.

1073 1147 1150 1224 ele.

413 1321 644 1428 'heptarchiam
666 1341 816 1427 epehtoloe
837 1341 951 1426 iepa'tur
969 1343 1003 1403 iae
1017 1342 1201 1404 aaunbrana
1219 1341 1339 1404 codicis
1353 1339 1519 1404 catharinam
1533 1338 1753 1424 Sunflalboawie
1772 1337 1917 1422 operculo

278 1462 404 1513 scateo
424 1447 676 1526 acommodata,
697 1447 789 1510 hodie
816 1460 919 1510 autom
940 1459 1066 1509 amata
1093 1448 1128 1509 in
1154 1446 1221 1509 cod.
1244 1445 1451 1531 Saayaileawi
1464 1448 1553 1524 1394,
1575 1470 1652 1530 pap.
1671 1447 1736 1510 141.
1785 1444 1916 1507 Editum
1959 1479 1963 1485 ·

307 1563 355 1615 cot
373 1575 413 1615 ecc
435 1550 543 1615 eadem
563 1550 746 1614 menbrana
765 1574 786 1610 a
806 1549 908 1631 ‹laffe'‚
929 1548 1002 1611 bibi.
1025 1573 1084 1612 rer.
1102 1572 1198 1632 portu.
1213 1549 1233 1610 I
1239 1548 1272 1611 V.
1293 1548 1391 1627 (Mon.
1415 1546 1547 1628 Comi),
1570 1571 1605 1632 p.
1620 1549 1690 1612 392.

409 1653 578 1735 Rahcolfbe
603 1651 860 1736 orchiqnbcopuo
880 1651 1097 1735 Mopunbhuni
1120 1649 1224 1713 eodem
1249 1651 1383 1712 obtinuit
1415 1649 1489 1713 inde
1515 1650 1555 1713 ab
1576 1672 1658 1712 canno
1673 1652 1732 1714 78ss
1757 1673 1855 1734 usquo
1874 1647 1921 1711 ud

307 1757 428 1835 (1813,
449 1754 550 1841 Epiao
569 1755 793 1839 maffruqoaeuo
813 1754 881 1816 eihs
902 1754 1068 1836 opiscopus
1084 1751 1350 1816 Cantaurianos
1368 1752 1442 1815 ahda
1462 1752 1502 1814 ob
1523 1776 1553 1814 o.
1569 1753 1624 1817 781
1650 1750 1696 1813 ud
1715 1773 1831 1814 atinum
1848 1752 1917 1815 813.

308 1857 451 1921 Ειιὶιτηεί
469 1857 702 1940 deprrecabbaoo
716 1854 865 1939 publicae
885 1866 915 1917 et
934 1855 1054 1917 ieiunia
1075 1877 1170 1931 saepe
1184 1852 1302 1916 Koroli
1318 1866 1419 1916 amoto
1433 1853 1699 1917 ‘tribulationum’
1716 1852 1816 1937 picria
1827 1853 1918 1934 fucta

263 1979 290 2017 ¹⁰
307 1972 384 2023 cunt
403 1959 476 2040 (cfr.
488 1958 598 2022 Korol.
619 1981 689 2042 cop.
713 1955 915 2020 Theodom'eu
931 1958 1001 2036 805,
1016 1956 1062 2035 II,
1084 1981 1109 2019 o.
1124 1959 1171 2036 4),
1191 1979 1253 2019 non
1276 1956 1428 2018 abraamio
1441 1955 1529 2038 dape
1549 1955 1631 2017 hauc
1652 1953 1814 2039 cpabtobzna
1835 1977 1918 2017 nertio

307 2062 369 2128 810
389 2061 502 2123 tribuit
522 2084 602 2139 uere,
623 2071 660 2121 ut
678 2058 811 2122 annales
832 2057 954 2138 docent,
976 2057 1117 2143 inpubes}
1138 2081 1198 2142 quo
1218 2080 1301 2120 unao
1322 2059 1416 2120 etrum
1437 2058 1466 2122 5.
1489 2057 1571 2120 Idus
1591 2056 1772 2119 Decembris
1795 2055 1917 2133 (debeb.

308 2164 428 2227 atawah
447 2161 645 2239 Decembris)
668 2160 783 2223 incidit
802 2162 835 2222 in
857 2159 1028 2223 secundum
1054 2161 1186 2242 fcri’om,
1206 2161 1258 2221 uti
1274 2161 1307 2222 iu
1328 2159 1388 2221 hac
1409 2158 1543 2242 epistola
1563 2158 1685 2243 loqrbir.

1421 2262 1476 2337 (B.
1499 2261 1599 2340 decen
1627 2260 1664 2323 P.
1686 2261 1714 2339 I,
1739 2261 1819 2338 165)

410 2424 459 2532 In
481 2467 540 2532 Dei
571 2468 707 2530 nomine.
748 2467 910 2530 Rihcolfus
933 2467 1148 2530 misericordia
1168 2465 1228 2529 Dei
1258 2467 1510 2550 archiepiscopus
1537 2466 1675 2549 Eginoni
1702 2467 1847 2550 episeopo
1871 2487 1918 2529 sa·

262 2593 290 2634 ιε
308 2571 418 2636 lutem.

410 2672 546 2736 Notum·
570 2673 614 2735 ait
629 2672 832 2755 struendum
849 2678 935 2749 tuae,
962 2671 1038 2753 quia
1059 2670 1196 2733 domnus
1223 2671 1391 2754 imperator
1417 2690 1475 2733 nos
1501 2671 1683 2749 admonuit,
1711 2671 1793 2734 sicut
1813 2672 1920 2753 sepius

309 2777 341 2838 iu
363 2782 524 2837 conventu
546 2773 749 2837 conciliorum
771 2821 777 2834 .
799 2821 804 2834 .
828 2821 833 2834 .
857 2821 882 2847 .,
904 2779 939 2835 ut
960 2772 1045 2834 omni
1068 2778 1208 2855 tempore
1220 2770 1280 2835 Dei
1301 2773 1526 2855 omnipotentis
1547 2772 1794 2836 misericordiam
1816 2774 1920 2836 humi·

310 2877 380 2941 liter
401 2875 587 2960 depraeeare
608 2875 778 2940 debeamus
800 2894 855 2958 pro
878 2874 1041 2937 communi
1056 2873 1160 2938 salute
1182 2922 1333 2935 ......
1356 2874 1622 2956 quandocumque
1648 2875 1819 2938 necessitas
1846 2894 1919 2937 cou-

310 2979 414 3064 pellit,
436 2987 471 3043 ut
493 2979 717 3062 unusquisque
738 2997 794 3060 per
814 2996 905 3040 suam
928 2976 1124 3059 parrochiam
1152 2975 1334 3039 triduanum
1356 2976 1507 3039 abbanem
1525 2975 1684 3061 secobiam
1707 2983 1738 3039 et
1758 2986 1920 3059 rogassent

261 3106 290 3144 κο
310 3081 417 3146 Deum
447 3083 711 3163 omnipotentem,
740 3085 776 3142 ut
802 3077 951 3141 omnibus
980 3078 1047 3140 suis
1072 3077 1220 3141 fidelibus
1247 3077 1426 3141 christianis
1454 3077 1591 3141 dedisset
1617 3097 1709 3141 suam
1734 3080 1866 3161 gratiam
1893 3091 1923 3141 et

309 3185 479 3247 sanitates
502 3183 643 3266 cmponb
667 3189 697 3245 et
718 3183 858 3248 animae.
879 3187 910 3243 et
930 3187 967 3243 ut
987 3179 1026 3242 ab
1047 3179 1197 3244 omnibus
1213 3179 1469 3243 tribulationibus
1482 3199 1564 3262 quae
1584 3181 1786 3263 propeccatis
1804 3181 1921 3243 nostris

310 3285 439 3349 assidue
459 3290 608 3348 crescunt
628 3290 659 3347 ot
679 3331 685 3345 .
708 3331 714 3344 .
738 3331 745 3344 .
768 3289 832 3345 tam
853 3283 886 3344 in
909 3281 1092 3345 hominibus
1114 3300 1274 3364 quamque
1295 3282 1374 3344 etin
1390 3281 1594 3358 animalibus
1614 3283 1648 3344 in
1662 3280 1812 3344 omnibus
1831 3280 1922 3344 nobis

311 3387 503 3451 adiuvasset.
546 3385 688 3469 Ideoque
709 3391 815 3448 nostra
837 3385 978 3467 parvitas
1000 3433 1006 3445 .
1028 3432 1034 3445 .
1057 3432 1063 3446 .
1086 3384 1258 3447 iussionem
1282 3384 1389 3447 domni
1408 3384 1650 3467 imperatoris..
1674 3382 1754 3447 utV.
1765 3383 1843 3447 Idus
1861 3381 1921 3447 De·

310 3487 468 3567 cambros,
488 3487 543 3551 IV.
554 3487 631 3551 Idus
651 3494 683 3551 et
703 3485 759 3549 ΙΙΙ.
773 3486 864 3564 Idne,
889 3486 974 3570 quod
995 3487 1101 3550 evenit
1122 3485 1261 3549 secunda
1282 3486 1361 3549 ieri'o
1383 3535 1389 3548 .
1412 3534 1419 3547 .
1442 3535 1449 3548 .
1473 3492 1508 3549 ut
1528 3505 1652 3563 onmes
1674 3505 1755 3569 quos
1776 3492 1921 3550 senectus

261 3616 291 3656 as
311 3591 362 3655 vol
385 3590 554 3654 infirmitas
575 3591 643 3654 sive
664 3590 796 3653 infantia
817 3608 881 3652 non
901 3587 1060 3671 prohibet,
1087 3589 1230 3652 ieiuuent
1249 3608 1353 3671 usque
1373 3587 1413 3651 ad
1435 3588 1543 3651 horam
1564 3637 1571 3650 .
1594 3636 1601 3650 .
1624 3637 1631 3651 .
1652 3588 1829 3651 obohheant
1849 3606 1921 3651 sea

312 3712 407 3757 carne
428 3699 459 3757 et
479 3693 554 3756 vino
576 3697 607 3755 et
627 3712 645 3754 a
667 3692 801 3769 cervisa,
823 3690 989 3753 milschida
1009 3697 1040 3753 et
1059 3690 1166 3759 medo:
1194 3697 1225 3753 et
1246 3691 1272 3753 si
1291 3690 1406 3773 aliquis
1427 3699 1553 3774 propter
1579 3709 1706 3753 causam
1730 3688 1924 3752 infirmitatis

311 3842 485 3873 .......
507 3795 731 3877 unusquisque
751 3794 886 3856 maiores
908 3793 1003 3855 donet
1023 3794 1056 3854 in
1073 3810 1268 3874 unoquoque
1281 3791 1330 3855 die
1345 3791 1479 3855 solidum
1498 3811 1617 3871 unum,
1636 3791 1809 3855 mediocres
1828 3791 1923 3854 dena·

313 3898 376 3960 rios
404 3915 474 3975 sex,
505 3914 658 3979 pauperes
678 3943 685 3956 .
707 3944 742 3957 ..
773 3894 949 3958 secundum
978 3914 1070 3957 suam
1103 3893 1341 3977 possibilitatem
1377 3893 1558 3957 elimosinas
1582 3892 1705 3956 faciant
1754 3891 1922 3956 Presbiteri

314 4018 388 4063 vero
410 3999 637 4081 unusquisque
657 3999 690 4060 in
712 3998 774 4061 illis
794 3997 895 4060 tribuo
916 3996 1026 4060 dabbato
1048 4045 1053 4058 .
1078 4043 1109 4058 ..
1130 3995 1234 4059 elerici
1256 4002 1287 4059 et
1308 4015 1473 4060 nonnanes
1494 3997 1548 4079 qui
1571 3994 1709 4078 psalmos
1730 3996 1852 4072 sciunt,
1879 3993 1922 4057 [2¹³

259 4127 289 4166 ao
312 4100 474 4184 psalmosb
496 4101 529 4163 in
554 4119 750 4183 unoquoque
771 4099 959 4177 decantet,
987 4107 1110 4162 etcum
1133 4117 1150 4161 c
1174 4145 1415 4160 .........
1439 4101 1586 4180 superius
1612 4097 1755 4160 diximus
1781 4106 1815 4161 ut
1836 4095 1923 4160 Deus

414 4432 442 4499 a)
466 4432 542 4493 Quae
556 4431 652 4485 litteris
667 4431 783 4501 obb‘quia
797 4432 926 4501 impresso
938 4439 1000 4482 cont
1012 4431 1125 4483 addidit
1134 4430 1220 4500 duffi.
1292 4428 1320 4498 b]
1343 4428 1603 4500 quinquagesimum
1618 4429 1754 4498 psalmum
1768 4428 1811 4480 hio
1821 4443 1926 4497 qrwquc

309 4513 353 4566 nti
363 4529 448 4583 mpru
459 4529 524 4583 pop.
533 4511 592 4566 245
609 4512 720 4581 cmriqit
734 4511 828 4581 Joffek
842 4513 932 4568 minace.
942 4519 1021 4564 recte.
