4380 6248
268 367 328 432 390
899 368 1072 424 ANSEGISI
1095 367 1258 423 ABBATIS

269 544 395 608 etlam
420 545 486 625 ipse
508 545 650 608 mldidit:
676 541 908 623 praefationem
932 542 1075 605 unicersi
1104 542 1206 622 operis
1232 542 1358 622 scripsit
1384 546 1413 604 et
1436 541 1525 606 libris
1550 541 1702 617 secumlc,
1736 541 1826 605 tertia
1853 546 1882 605 et

267 651 379 729 qrrartc
400 650 429 709 et
453 646 681 728 appendicibus
702 666 809 726 parva
832 645 994 726 prooem-ia
1014 645 1183 724 praeficit;
1209 643 1358 725 capitulis
1376 643 1528 724 sinqulis,
1548 648 1592 720 fut
1612 643 1725 707 mdius
1747 642 1881 723 alleqari

260 753 402 832 possent,
424 749 568 812 rrcbricas
587 747 778 828 anteposuit,
796 747 983 828 pleramque
1002 746 1095 810 verba
1114 746 1154 808 ab
1175 745 1265 808 initio
1286 750 1447 809 cantemus
1467 746 1607 827 capitum
1620 745 1730 826 posita
1745 743 1880 826 paulisc-

268 852 334 915 lam
354 854 477 915 mndata
496 855 653 931 repetcns;
677 850 888 931 capitulorum
906 850 1041 913 indicem
1061 848 1198 929 sinpulis
1219 847 1309 912 libris
1328 848 1505 929 praemisit.
1554 848 1610 912 Au
1628 852 1768 929 quatuor
1787 847 1881 910 ctiam

268 974 377 1017 oersccs
393 953 513 1016 metrici
534 954 573 1016 ab
596 953 686 1016 initio
706 952 889 1016 collectionis
911 953 945 1014 in
960 950 1114 1033 plurimis
1123 951 1278 1015 codicibus
1292 951 1391 1032 positi
1401 951 1551 1031 Anseqisi
1571 950 1646 1027 sint,
1667 969 1733 1013 non
1752 949 1882 1013 omnino
1907 975 1920 1014 e

268 1060 385 1120 certcrm
403 1055 543 1119 videtur:
563 1057 598 1117 in
620 1055 775 1119 calicibas
794 1075 857 1118 non
870 1054 989 1135 paucis
1008 1053 1230 1117 destinantur
1250 1054 1423 1139 etfortasse
1445 1053 1485 1116 ab
1505 1051 1570 1115 alio
1579 1051 1717 1133 quadam
1732 1052 1884 1132 scriptore

268 1159 404 1239 concepti
422 1161 506 1221 sarit.

369 1258 518 1340 Anseqisi
545 1258 676 1323 allectio
709 1261 744 1322 in
767 1258 921 1339 plurimis
949 1258 1104 1323 codicnbus
1134 1258 1255 1321 tradita
1283 1262 1328 1321 cst
1359 1262 1388 1321 et
1410 1257 1490 1338 plus
1517 1277 1615 1339 qrcam
1645 1257 1883 1338 quinquaqinta

268 1363 407 1426 codicum
425 1362 529 1441 ipsam
547 1361 771 1424 continentiam
780 1361 863 1423 notro
874 1360 918 1423 ad
928 1380 985 1424 nos
1003 1360 1152 1441 pervenit.
1196 1360 1349 1426 Codices
1370 1359 1541 1423 admodum
1555 1361 1638 1423 inter
1650 1379 1684 1422 se
1703 1358 1883 1422 variant:

268 1485 359 1544 saepe
380 1463 462 1526 enim
483 1463 588 1543 capita
610 1462 656 1525 vel
678 1462 790 1525 addita
812 1461 858 1524 vel
878 1462 993 1525 omissa
1013 1465 1104 1539 sunt,
1133 1481 1196 1526 non
1215 1482 1290 1526 raro
1311 1462 1404 1526 acrba
1423 1462 1470 1525 nel
1493 1465 1618 1525 mutata
1637 1460 1684 1524 vel
1701 1460 1881 1525 abbreviata
1894 1486 1919 1524 ιο

268 1570 350 1631 acret.
404 1565 520 1628 Tamen
546 1568 649 1628 rectus
673 1563 882 1644 capitulorum
907 1565 982 1628 ordo
1007 1568 1035 1628 et
1061 1568 1164 1628 tectim
1187 1563 1282 1645 facile
1306 1565 1453 1628 constitui
1476 1567 1593 1645 petest,
1620 1563 1742 1627 anans
1767 1563 1882 1627 scilicet

268 1667 417 1748 Ansepisi
436 1667 591 1731 codicibus
611 1687 681 1730 cunr
699 1666 849 1747 penninis
870 1666 1109 1747 capitularibus.
1150 1664 1202 1730 De
1221 1671 1400 1730 caecantem
1418 1667 1588 1730 admodum
1608 1666 1751 1730 dubitari
1766 1671 1877 1748 polest.

268 1771 309 1833 In
329 1770 438 1834 multis
455 1769 569 1833 scilicet
589 1769 744 1833 calicibus
764 1774 828 1832 tam
849 1770 884 1832 in
899 1770 1101 1850 praefatione
1120 1790 1217 1850 quam
1239 1770 1272 1832 in
1292 1769 1468 1850 prooemiis,
1491 1768 1580 1832 libris
1601 1773 1630 1832 et
1651 1769 1878 1849 appendicibus

261 1873 420 1954 praeficis
440 1876 582 1951 eceerpta
603 1872 808 1950 abAuseqiso
829 1871 982 1934 dicantur
1001 1872 1196 1936 ‘Hludowici
1217 1873 1415 1956 imperatoris
1437 1880 1468 1936 et
1484 1871 1642 1936 Hlotherii
1666 1875 1803 1936 moscus
1823 1872 1880 1936 filii

267 1975 398 2060 ipsius'3
426 1975 461 2036 in
488 1973 562 2036 aliis
591 1994 660 2037 cero
680 1974 835 2037 codicibus
863 1974 935 2036 ilem
952 1972 1062 2037 maltis
1088 1978 1117 2037 et
1141 1974 1284 2054 (antiquis
1308 1973 1500 2037 Hlottrari
1507 1973 1517 2036 i
1544 1993 1677 2037 nomen
1705 1978 1920 2040 musionium

267 2077 399 2140 deletrnn
419 2081 463 2140 est
484 2080 511 2139 et
531 2077 567 2139 in
586 2076 784 2157 praefatione
804 2076 851 2140 bis
871 2074 932 2140 loeo
953 2077 1149 2141 ‘Hludowici
1171 2078 1298 2161 augusti
1311 2084 1342 2140 et
1355 2076 1513 2141 Hlotharii
1537 2079 1673 2141 cacsan's
1692 2077 1768 2141 filiis
1791 2078 1881 2142 eius’

268 2179 382 2259 lepitur
408 2179 602 2243 ‘Hludowici
628 2180 755 2263 augusti
783 2186 814 2243 et
837 2179 1160 2262 praeclarissimorum
1185 2179 1324 2243 filiorum
1353 2178 1440 2243 eius?
1484 2177 1632 2241 Pitlroeus
1657 2181 1686 2242 et
1712 2177 1881 2242 Balurius

260 2283 448 2363 posteriores
466 2282 607 2345 lectiones
624 2281 782 2362 penninas
800 2280 980 2345 babuerunt
999 2285 1027 2344 et
1046 2281 1143 2344 secuti
1163 2284 1254 2356 sunt,
1283 2281 1438 2344 credentes
1457 2280 1623 2345 Hlotlrarii
1642 2301 1755 2344 nemen
1770 2285 1881 2361 postea

267 2386 391 2448 denium
413 2385 446 2448 in
468 2384 695 2464 cremplaribus
716 2384 773 2448 sub
792 2382 958 2447 Hlotliarii
977 2383 1096 2446 ditione
1115 2382 1241 2463 scriptis
1260 2383 1362 2463 fuisse
1381 2383 1535 2448 additum.
1578 2381 1740 2446 Heroldus
1760 2386 1879 2460 contra,

270 2485 412 2552 Cointius
439 2485 574 2565 (Annal.
604 2486 722 2550 Franc.
758 2486 857 2549 eccles.
890 2490 968 2549 muro
987 2484 1065 2563 VH)
1099 2488 1127 2548 et
1159 2483 1302 2548 Pertcius
1329 2485 1453 2565 priores
1485 2484 1626 2549 loannes
1657 2485 1918 2566 defenderuntm

267 2589 402 2652 dicentes
422 2588 588 2652 Hlotlinrii
608 2608 717 2652 nmncn
737 2608 823 2651 aurio
842 2588 1035 2669 quidemttil
1058 2588 1097 2651 ab
1116 2587 1270 2667 Anseqisc
1290 2591 1453 2667 receptum,
1476 2588 1513 2650 in
1533 2587 1756 2651 recentioribus
1776 2591 1881 2651 auten

268 2691 496 2771 exemplaribus
516 2690 648 2754 deletum
669 2711 746 2768 esse,
775 2710 847 2754 cum
861 2694 935 2770 post
953 2710 1077 2753 annum
1088 2694 1161 2771 830,
1190 2689 1361 2754 Hlotiiaric
1381 2690 1421 2753 ab
1440 2689 1567 2770 imperii
1585 2690 1738 2754 consortio
1757 2695 1879 2766 remota

268 2813 378 2856 nomen
398 2793 490 2856 ctiam
510 2793 613 2873 ipsius
638 2793 674 2855 iu
699 2793 824 2873 scriptis
839 2792 978 2874 publicis
1001 2793 1149 2855 omissum
1174 2796 1257 2856 esset.
1306 2792 1463 2873 anidem
1490 2791 1565 2855 buic
1592 2791 1685 2855 alteri
1709 2793 1880 2855 sententiae

267 2894 456 2975 adstipulor,
480 2915 547 2958 cam
565 2898 749 2975 praesertim
769 2896 805 2959 ob
825 2915 969 2971 causam,
990 2894 1068 2975 quia
1088 2895 1265 2974 Ansepisus
1286 2898 1365 2957 certo
1384 2895 1421 2956 in
1446 2893 1644 2975 praefatibus
1668 2913 1733 2957 nou
1754 2894 1879 2975 scripsit

269 2998 367 3061 ‘auno
386 2997 475 3061 XIII.
496 3000 620 3082 imperii
641 2998 822 3062 Hludowici
842 3006 873 3063 ct
891 2998 1030 3062 filiorum
1052 2997 1147 3076 cius',
1173 3017 1243 3059 acm
1264 3000 1372 3060 contra
1393 2997 1477 3059 circa
1497 3017 1621 3060 annum
1632 2998 1692 3063 821
1720 2995 1757 3060 in
1784 2996 1877 3060 aaa·
1890 3022 1915 3062 n

268 3099 380 3162 mentis
399 3099 542 3162 comibus
564 3100 703 3184 ‘imperii
723 3103 798 3164 enni
819 3100 999 3165 Hludowici
1022 3107 1053 3165 et
1074 3099 1247 3164 Hlotharii’
1268 3103 1522 3175 numerarentur,
1543 3101 1572 3160 et
1589 3098 1668 3178 quia
1688 3096 1729 3161 H
1730 3096 1874 3162 ludowici

268 3200 460 3281 capitularia
470 3200 509 3262 H
510 3200 640 3266 didimia
660 3202 786 3282 quidem
806 3202 932 3282 imperii
951 3203 1084 3266 consorti
1104 3201 1241 3265 adscribi
1258 3205 1403 3282 poteraut
1417 3221 1481 3264 non
1496 3204 1601 3263 autem
1621 3200 1781 3281 fratribus
1800 3201 1875 3264 eius.

269 3300 434 3365 chtirarii
443 3302 543 3383 iqitur
559 3323 670 3367 nonren
680 3308 789 3384 postea
801 3303 934 3368 deletum
945 3308 973 3368 et
983 3304 1108 3368 verbum
1129 3305 1283 3369 ‘filiorum
1293 3304 1300 3331 '
1312 3304 1382 3367 eius
1394 3302 1456 3366 loco
1464 3322 1633 3384 perperam
1648 3303 1793 3382 positum
1805 3307 1857 3367 est.

370 3403 411 3467 In
431 3404 627 3469 codicibus
649 3407 941 3483 enumerandis,
962 3407 1077 3488 quibus
1088 3405 1450 3487 Ausepisicollectiouem
1464 3405 1618 3469 contineri
1627 3405 1754 3481 snmus,
1772 3406 1878 3486 primo

269 3526 318 3569 eos
337 3526 536 3583 recensemus,
558 3507 728 3588 inquibus
748 3508 914 3572 Hlotlrarii
934 3529 1044 3572 nornen
1064 3509 1101 3570 in
1119 3509 1318 3589 praefatione
1338 3513 1366 3572 et
1387 3509 1423 3570 in
1439 3507 1608 3588 prooemiis
1628 3506 1763 3587 lepitur:
1889 3536 1913 3576 n

371 3714 403 3790 1)
426 3711 528 3776 Coelen
551 3713 623 3776 alirn
653 3713 857 3789 Corber'ensis,
884 3701 958 3777 lum
985 3713 1225 3793 Lindenbropii,
1256 3712 1328 3775 (lein
1356 3712 1608 3793 Hamburperrsis
1635 3711 1704 3776 bibl.
1728 3712 1819 3792 publ
1832 3715 1879 3791 83s¹

460 3836 538 3878 saec.
553 3815 614 3879 IX.
633 3819 769 3879 creante.
806 3815 946 3880 Cirntinet
957 3815 1156 3894 Anscqisum,
1172 3814 1347 3894 capitcdare
1360 3812 1585 3878 Wormaliensc
1596 3815 1677 3877 anni
1690 3818 1761 3892 829,
1785 3815 1880 3895 lepis

461 3917 606 3995 Salicarn,
621 3917 820 3994 Ribnamam,
835 3917 1099 3981 Ammannoram.
1137 3917 1286 3997 Ansepisi
1296 3916 1427 3980 collectio
1438 3920 1576 3998 quatuor
1586 3917 1681 3980 libros
1692 3936 1764 3979 curn
1780 3917 1880 3981 tubus

460 4020 686 4100 appendicibus
703 4019 909 4100 amplectitur,
931 4020 1043 4084 bonam
1067 4019 1276 4099 arpitulorum
1296 4020 1437 4083 ordinem
1457 4023 1486 4082 ct
1506 4023 1622 4082 tectum
1638 4020 1777 4100 parebat,
1798 4021 1879 4083 inter

460 4121 560 4185 lineas
580 4123 739 4186 interdum
759 4121 878 4203 qlossas
898 4122 1048 4186 theodisco
1068 4123 1210 4202 scriptas.
1890 4141 1915 4180 ss

371 4227 401 4302 2)
424 4224 604 4287 illiddlelrill
619 4227 692 4291 1737
714 4245 793 4287 saec.
807 4224 864 4301 X,
885 4229 958 4305 post
981 4224 1157 4306 capitulare
1182 4224 1569 4292 ammaimmslsssm
1589 4225 1783 4305 Ansepisum
1804 4224 1876 4289 inde

460 4347 481 4387 a
502 4324 620 4403 libroI,
643 4348 665 4390 c.
680 4332 738 4394 lit)
758 4348 829 4390 eum
850 4327 952 4390 tribus
972 4327 1197 4407 appendicibus
1224 4331 1252 4390 et
1278 4326 1453 4406 capitulare
1477 4325 1701 4391 Wcrmatiense
1725 4328 1809 4391 anni
1819 4329 1879 4393 >529

459 4430 598 4508 praebet·
617 4430 768 4492 anteriori
788 4430 871 4511 qrcod
889 4430 934 4492 ad
952 4430 1101 4510 Anscqisi
1121 4429 1215 4493 libros
1233 4431 1367 4509 pertinet
1384 4428 1565 4492 simillimus
1585 4433 1637 4493 aa.
1683 4429 1749 4512 Cfr.
1762 4429 1881 4493 Arellio

460 4531 488 4592 d.
513 4529 718 4612 Gcsellsclmft
738 4531 809 4607 VII,
828 4535 895 4599 790.

370 4635 404 4711 3)
428 4632 595 4696 Goth-anus
607 4636 647 4699 84
660 4633 792 4710 (etone)
813 4654 890 4697 saec.
905 4633 966 4697 ΧΙ.
988 4633 1223 4714 fotus-395
1233 4634 1383 4715 Ansepisi
1403 4635 1497 4699 libros
1516 4636 1632 4715 absque
1650 4634 1878 4715 appendicibus
1890 4656 1916 4693 n

460 4736 507 4797 ita
527 4735 688 4798 ordinatos
706 4735 811 4798 babet:
833 4735 892 4812 IV,
905 4739 1042 4802 34-74).
1064 4735 1090 4812 I,
1106 4738 1144 4802 ll
1157 4739 1262 4803 -104,
1287 4736 1347 4814 IV,
1362 4739 1502 4804 13—33.
1526 4737 1684 4818 Ll-lb,
1702 4739 1877 4804 105-162.

462 4836 507 4898 ΙΙ.
523 4836 587 4899 ΙΙΙ.
604 4836 664 4913 IV,
680 4839 798 4902 1-12.
815 4876 853 4885 -
870 4839 985 4918 Ansep.
1002 4837 1063 4915 IV,
1081 4841 1116 4904 il
1129 4877 1161 4885 -
1172 4842 1211 4905 72
1219 4840 1386 4925 posteriori
1397 4839 1511 4902 codicis
1522 4843 1615 4919 parde
1631 4838 1778 4919 suppleta
1793 4845 1877 4903 sunl.

370 4942 402 5014 4)
424 4938 911 5002 Astrburutmmuensis-Barrois
924 4944 997 5013 146,
1018 4945 1113 5004 antea
1136 4940 1239 5004 Paris.
1254 4944 1332 5007 4761
1359 4961 1399 5004 sc.
1416 4939 1475 5004 Χ..·
1495 4944 1632 5023 quatem
1653 4941 1726 5005 libri
1747 4946 1777 5006 et
1801 4947 1880 5006 tarn-

460 5061 556 5121 quam
576 5040 652 5104 liber
673 5043 805 5122 quintus
825 5046 887 5105 tres
907 5043 1103 5123 appendices.

371 5145 402 5217 5)
425 5142 526 5206 Ordea
550 5142 852 5225 Weissenaupieusis
879 5165 919 5206 sc.
933 5144 994 5207 IX.
1008 5145 1047 5209 X
1074 5147 1114 5210 ab
1138 5144 1275 5209 Heroldc
1301 5146 1639 5227 mantuanorum
1664 5146 1739 5211 libri
1766 5146 1920 5228 absqucn

461 5245 694 5324 appendicibus

372 5348 406 5426 6)
429 5347 530 5410 Codex
549 5346 622 5410 olim
643 5346 929 5427 &tiledstadicusis
951 5351 1312 5431 tumArqentoratensis,
1332 5350 1422 5414 lodic
1441 5351 1625 5428 morbustns,
1645 5371 1686 5416 sc.
1706 5349 1788 5414 IX:
1809 5357 1883 5433 past

463 5447 555 5528 leqcrn
573 5448 828 5514 Almnarrnorum
857 5452 929 5516 iude
957 5472 978 5514 a
1004 5451 1058 5534 fol.
1072 5456 1131 5519 115
1158 5452 1277 5517 exbibet
1304 5452 1453 5534 Ansam
1480 5452 1598 5518 librum
1623 5458 1792 5536 murtrum,
1819 5458 1882 5518 lres

462 5551 661 5631 appendices,
689 5551 784 5616 libras
802 5557 864 5617 tres
878 5555 1011 5634 priores.
1056 5554 1169 5635 Capita
1195 5553 1297 5618 multa
1323 5553 1371 5618 oet
1390 5558 1514 5619 mutata
1539 5555 1587 5620 vel
1611 5554 1762 5621 mutilata
1788 5560 1883 5621 sunt:

374 5684 376 5689 =
463 5650 541 5716 libro
567 5657 679 5733 quarto
699 5653 870 5735 complmes
887 5653 1008 5736 plasme
1026 5655 1198 5720 theodiscae
1216 5657 1302 5748 inter
1320 5655 1422 5721 uuas
1440 5661 1619 5722 comment.
1889 5690 1924 5735 a
