4380 6248
269 349 335 415 306
928 352 1154 411 llLUDOWlCl
1176 355 1230 409 Pll

275 530 386 593 nolunt
410 534 465 592 aut
484 529 588 592 turto¹
608 527 728 612 aliquid
749 528 794 590 eis
816 527 999 611 subripiunt
1019 535 1088 609 aut,
1117 528 1202 613 quod
1223 530 1454 613 perpessimum
1474 535 1537 611 est,
1565 536 1690 615 apertas
1711 530 1878 609 violentias

269 650 328 694 eos
350 629 508 693 caedendo
530 635 561 694 et
580 649 631 693 res
653 649 761 694 eorum
790 629 980 713 diripiendo,
1000 631 1034 693 in
1057 632 1134 714 ipsis
1155 649 1303 694 exercere
1314 650 1380 694 non
1394 632 1637 715 pertimescunt,
1656 633 1718 697 hoc
1736 632 1879 699 omnibus

274 738 386 797 notum
407 751 476 797 esse
499 731 666 813 volumuS,
688 731 772 816 quod
794 732 991 816 quicumque
1016 751 1057 795 ex
1078 732 1127 796 his
1149 733 1204 816 qui
1225 732 1361 797 honores
1381 738 1506 797 nostres
1526 733 1644 798 habent
1665 734 1784 799 abhinc
1804 736 1878 801 hane

273 836 504 919 neglegentiam
527 834 694 899 emendare
714 854 779 897 uon
800 836 966 899 certaverit
986 841 1017 898 et
1036 854 1112 899 suos
1130 835 1288 915 homines,
1310 835 1366 919 qui
1387 836 1457 899 eius
1478 836 1546 899 vioe
1567 836 1627 900 hoe
1646 856 1741 921 agere
1761 837 1879 918 debent,

274 944 311 1002 ut
333 938 365 1001 id
387 937 467 1002 bene
485 937 664 1022 perficiant,
684 956 750 1000 non
770 937 959 1000 instnrxerit
979 942 1034 1000 aut
1055 938 1295 1017 constrinxerit,
1322 943 1359 1001 ut
1379 936 1514 1002 ulterius
1533 937 1612 1003 illud
1631 939 1802 1024 neglegere
1821 960 1877 1005 nen
1897 967 1908 1007 r

273 1047 489 1124 praesumant,
516 1047 547 1104 et
567 1040 719 1103 honorem
745 1044 891 1103 nostrum
912 1046 943 1103 et
963 1040 1053 1123 regni
1074 1039 1167 1103 nobis
1187 1040 1349 1104 commissi
1376 1040 1534 1104 custudire
1561 1043 1803 1125 contempnent,
1826 1062 1879 1106 nee

273 1149 419 1207 nostrum
439 1162 498 1207 nec
518 1143 607 1225 regni
628 1144 729 1205 nostri
749 1142 901 1206 honorem
923 1141 1057 1207 ulterius
1077 1143 1228 1206 volumus
1246 1147 1283 1205 ut
1296 1129 1423 1207 'habeat
1473 1141 1534 1207 Sed
1555 1143 1709 1208 volumus
1728 1152 1766 1207 ut
1786 1164 1878 1209 unus-

273 1247 411 1328 quisque
432 1244 574 1309 fidelium
594 1252 776 1308 nostrorum
804 1250 1021 1327 procuratores
1042 1262 1150 1307 rerum
1181 1264 1313 1307 suanum
1334 1243 1373 1308 de
1393 1245 1443 1308 his
1464 1245 1640 1329 specialiter
1659 1246 1815 1325 instruat,
1839 1256 1879 1325 ut,

269 1348 541 1430 quandocumque
563 1354 593 1411 et
617 1347 842 1430 undecumque
869 1346 982 1431 legatio
1009 1346 1186 1425 advenerit,
1215 1353 1246 1410 et
1268 1354 1324 1411 aut
1349 1346 1469 1411 litteras
1496 1353 1551 1411 aut
1576 1349 1714 1412 missum
1741 1356 1877 1413 nostrum

269 1449 440 1529 viderint,8
460 1448 631 1512 honorifice
652 1449 742 1512 illum
772 1451 805 1511 in
831 1450 918 1512 omni
939 1449 1007 1512 loco
1029 1449 1152 1532 imperii
1176 1450 1276 1513 nostri
1304 1454 1431 1533 prepter
1456 1454 1602 1514 nostrum
1622 1459 1654 1514 et
1676 1452 1777 1515 tetius
1797 1453 1907 1535 regniu

269 1552 423 1615 bonorem
445 1571 555 1615 omnes
577 1553 735 1635 suscipere
753 1550 887 1614 amcam

375 1656 419 1719 19.
461 1653 500 1716 In
520 1654 584 1717 illis
605 1673 680 1717 vero
702 1655 797 1732 locis,
817 1654 873 1718 ubi
895 1654 988 1717 modo
1011 1656 1062 1718 via
1084 1660 1115 1718 et
1137 1657 1357 1719 mansionatici
1380 1656 1553 1738 agenitere
1574 1660 1683 1719 nostro
1702 1664 1735 1719 et
1755 1675 1774 1718 a
1794 1654 1880 1719 uobis

272 1776 328 1840 per
349 1757 539 1840 capitulare⁹
561 1757 695 1820 ordinati
717 1764 808 1837 sunt,
829 1758 943 1820 missos
967 1756 1005 1820 ad
1027 1757 1085 1820 hoc
1107 1757 1283 1841 specialiter
1293 1759 1496 1837 constitutos3
1519 1758 1574 1840 qui
1596 1758 1656 1821 hcc
1677 1758 1796 1841 iugiter
1815 1778 1880 1842 pre

273 1859 380 1922 videre
402 1859 551 1940 debeant,
582 1859 749 1938 habeant,¹¹
780 1864 817 1922 ut
837 1860 944 1922 omnia
972 1878 1053 1941 quae
1079 1858 1119 1922 ad
1140 1858 1267 1923 easdem
1288 1859 1460 1943 legationes
1487 1858 1707 1944 suscipiendas
1727 1859 1880 1943 pertinent

273 1960 383 2025 fideles
406 1963 505 2025 nostri
526 1962 645 2025 adhoc
666 1963 828 2025 coristituti
851 1962 890 2025 ad
914 1968 1039 2044 tempus
1060 1980 1247 2045 praeparare
1268 1962 1434 2042 studeant,
1455 1966 1491 2026 ut
1512 1981 1576 2025 non
1597 1968 1676 2025 tunc
1696 1964 1739 2026 sit
1757 1980 1908 2027 necesses

268 2062 312 2127 de
332 2063 425 2146 longe
445 2083 596 2147 quaerere
617 2071 673 2127 aut
693 2063 862 2137 adducere,
884 2063 1011 2147 quando
1033 2069 1159 2145 tempus
1179 2069 1227 2127 est
1244 2063 1323 2127 illud
1338 2064 1412 2127 darc
1433 2064 1483 2128 vel
1500 2064 1695 2148 persolvere3
1716 2065 1752 2128 in
1774 2064 1880 2128 ceteris

272 2186 346 2229 vero
368 2166 444 2230 loeis
467 2187 522 2250 per
541 2173 644 2230 totum
674 2167 842 2250 imperium
871 2173 1017 2231 nostrum
1043 2167 1270 2249 unumquisque
1291 2166 1433 2231 fidelium
1463 2172 1643 2231 nostrorum
1672 2172 1704 2230 ct
1723 2184 1782 2250 per
1801 2185 1834 2229 sc
1852 2172 1879 2229 et

269 2287 328 2352 per
348 2270 509 2333 ministros
530 2289 621 2345 suos,
642 2271 725 2333 sicut
746 2271 902 2342 diximus,
924 2272 1067 2335 sedulam
1088 2270 1284 2355 uigilantium
1307 2269 1459 2333 adhibeat.

371 2373 420 2437 20.
461 2370 510 2435 De
532 2379 658 2436 moneta
679 2392 768 2452 vero,
794 2373 879 2437 unde
900 2374 962 2437 iam
986 2392 1042 2457 per
1060 2380 1123 2437 tres
1144 2393 1245 2437 anuos
1266 2380 1297 2436 et
1317 2373 1577 2436 ammonitionem
1599 2372 1735 2435 lecimus
1755 2378 1787 2435 et
1806 2378 1881 2435 tem-

271 2494 333 2558 pus
359 2474 486 2557 quande
513 2495 579 2539 una
606 2481 766 2539 teneretur
792 2481 823 2539 et
854 2476 933 2539 aliae
961 2495 1072 2539 omnes
1098 2482 1259 2539 cessarent
1288 2475 1559 2546 eonstituinrus,¹⁰
1592 2474 1652 2537 hec
1678 2479 1710 2536 et
1735 2472 1913 2537 omuibusa

272 2583 384 2641 notum
405 2597 474 2642 esse
496 2578 656 2658 telumue,
679 2579 846 2661 quoniam,
867 2585 904 2642 ut
921 2578 1041 2662 absque
1053 2577 1120 2641 ulla
1132 2579 1337 2641 excusatione
1353 2579 1414 2640 cito
1434 2578 1533 2661 possit
1547 2576 1725 2657 emendari,
1746 2577 1880 2660 spatium

272 2699 376 2762 usque
398 2680 437 2743 ad
458 2682 588 2744 missam
611 2683 712 2744 saneti
739 2679 903 2743 Martini¹¹
930 2681 1004 2744 dare
1035 2680 1247 2760 decrevimus,
1274 2687 1311 2743 ut
1336 2681 1561 2763 unusquisque
1584 2679 1740 2742 comitum
1761 2679 1795 2741 in
1816 2679 1881 2741 suis

273 2783 457 2847 ministeriis
476 2783 514 2846 dc
535 2783 593 2845 hoe
615 2784 789 2847 iussionem
818 2790 956 2846 nostram
980 2788 1057 2845 tune
1085 2784 1185 2866 possit
1205 2782 1320 2846 habere
1346 2782 1552 2866 adinpletam3
1586 2790 1747 2865 quatenus
1768 2780 1808 2844 ab
1831 2779 1881 2845 illa

272 2884 323 2947 die
344 2904 408 2947 non
428 2883 503 2960 alia,
525 2884 579 2948 sed
601 2885 655 2948 illa
678 2884 743 2948 sola
766 2891 939 2970 portatum
961 2905 1095 2969 regnum
1119 2893 1264 2948 nostrum
1281 2885 1320 2949 ab
1337 2884 1486 2948 omnibus
1502 2883 1670 2964 habeatur,
1690 2884 1781 2947 iuxta
1797 2882 1881 2947 illam

268 2987 542 3065 constitutionem,
569 2989 651 3051 sieut
671 2989 704 3050 iu
727 2987 918 3071 capitulis,¹2
946 3007 1027 3070 <piac
1050 2987 1088 3051 de
1110 2987 1168 3051 hae
1189 3007 1223 3050 re
1244 2986 1307 3050 illis
1328 2985 1498 3050 comitibus
1522 2986 1668 3049 dedimus
1690 2986 1722 3049 in
1745 3004 1917 3069 quemme

271 3088 456 3151 ministeriis
474 3096 600 3153 moneta
620 3092 811 3173 percutiam,
832 3090 1040 3153 constitutrmr
1055 3096 1110 3152 est
1152 3088 1235 3165 Quia
1255 3088 1619 3152 tunevolumusmissoe
1640 3094 1765 3151 nostros
1786 3086 1882 3151 huius

273 3191 318 3253 rei
338 3192 439 3274 gratia
460 3191 594 3275 dirigere
615 3211 671 3275 per
692 3192 834 3275 singulos
864 3192 1048 3271 comitatus,
1076 3193 1132 3275 qui
1153 3191 1320 3273 diligenter
1340 3192 1516 3274 inquirant,
1542 3189 1678 3273 qualiter
1695 3191 1830 3255 comites
1850 3192 1881 3255 iu

271 3293 331 3356 hoe
351 3302 491 3356 nostram
512 3295 686 3358 iussionem
709 3294 879 3379 adimplere
910 3295 1105 3357 certaverint.
1153 3293 1411 3376 etquicunque
1438 3291 1608 3375 neglegens
1635 3291 1711 3355 inde
1732 3293 1882 3356 iuventus

270 3394 380 3475 fucrit,
409 3396 558 3460 volumus
578 3404 613 3460 ut
634 3403 707 3460 ante
733 3404 873 3460 nostram
904 3398 1112 3480 praesentiam
1145 3397 1329 3480 quantotius
1360 3396 1469 3458 venire
1496 3393 1643 3458 iubeatur
1668 3402 1700 3458 et
1727 3394 1881 3459 rationem

271 3498 396 3575 reddat,
428 3505 536 3562 utrum
563 3499 621 3563 hoe
644 3499 728 3582 quod
756 3501 910 3563 iussimus
934 3499 1037 3563 facere
1065 3499 1201 3563 uoluerit
1227 3506 1284 3562 aut
1311 3518 1374 3561 non
1402 3499 1538 3581 potuerit
1566 3504 1633 3578 aut,
1661 3499 1688 3562 si
1715 3498 1825 3583 aliqua
1849 3516 1915 3562 rea

271 3601 491 3684 praepediente
510 3602 542 3664 id
562 3603 664 3666 facere
685 3623 749 3696 non
770 3604 886 3686 potuit,
913 3622 971 3665 cur
991 3602 1084 3665 uobis
1104 3604 1205 3686 ipsam
1228 3600 1513 3684 impossibilitatem
1534 3601 1572 3664 ad
1594 3605 1721 3685 tempus
1742 3620 1808 3664 non
1829 3598 1881 3663 ad-

272 3704 437 3766 nuntiavit.
480 3703 574 3782 Quia,
601 3707 627 3768 si
656 3707 722 3790 ipse
743 3712 799 3768 aut
826 3724 891 3768 non
912 3705 1013 3768 voum
1034 3710 1090 3769 aut
1115 3724 1192 3769 suae
1221 3702 1438 3787 neglegentiae
1465 3723 1562 3766 eausa
1589 3722 1653 3765 uon
1681 3703 1800 3786 potuit,
1825 3722 1881 3767 nos

271 3804 365 3868 talem
387 3806 530 3869 invenire
549 3807 713 3882 telumue,
735 3810 790 3890 qui
811 3808 871 3870 hoc
892 3807 976 3890 quod
997 3807 1282 3871 iubemusservare
1295 3806 1372 3868 velit
1392 3812 1423 3867 et
1444 3806 1548 3880 possit.
1589 3803 1633 3869 Ut
1653 3812 1761 3868 autem
1784 3806 1881 3869 iussio

272 3913 379 3970 nostra
400 3909 432 3970 iu
455 3909 513 3971 hae
534 3928 567 3972 re
588 3910 682 3973 citius
702 3910 884 3992 impleatur,
908 3908 1057 3972 volumus
1078 3915 1131 3988 ut,
1159 3909 1356 3990 quicumque
1376 3906 1416 3970 ab
1443 3906 1496 3969 illa
1520 3907 1571 3970 die
1592 3906 1692 3970 alium
1715 3906 1879 3971 denarium

271 4010 452 4091 negotiandi
473 4030 569 4074 causa
592 4011 768 4094 prenderit,
791 4033 808 4073 a
831 4013 945 4074 comite
966 4017 997 4074 et
1017 4011 1172 4074 ministris
1196 4011 1266 4074 eius
1288 4009 1450 4073 auferatur
1470 4008 1509 4072 ab
1532 4028 1577 4073 eo.
1889 4034 1914 4071 e

372 4114 419 4175 21.
460 4111 610 4176 Similiter
630 4132 758 4196 quoque
773 4113 821 4177 de
842 4114 970 4175 iniustis
991 4111 1140 4192 teloneie,
1169 4111 1207 4176 de
1228 4111 1359 4195 quibus,
1387 4111 1523 4194 qualiter
1542 4110 1582 4174 ab
1603 4110 1754 4174 omuibus
1776 4110 1880 4175 obser-

270 4213 411 4276 vandum
434 4221 530 4287 esset,
560 4223 590 4278 et
617 4216 762 4299 capitulis
783 4215 1045 4279 constituimus¹³
1073 4221 1103 4278 et
1124 4214 1330 4278 creberrimas
1356 4213 1587 4277 admonitiones·
1612 4213 1767 4291 fecimus,
1795 4232 1880 4297 prae

269 4315 344 4378 dicti
373 4317 462 4379 missi
490 4319 588 4380 nostri
621 4318 772 4381 volumus
800 4325 836 4381 ut
866 4318 1104 4400 inquisitionem
1136 4317 1267 4391 faciant,
1300 4336 1318 4378 a
1350 4315 1469 4398 quibus
1495 4326 1602 4379 nostra
1633 4315 1734 4379 iussio
1760 4316 1794 4379 in
1823 4314 1879 4378 lroe

270 4417 455 4502 adimpleta,
482 4420 640 4503 aquibus
667 4439 795 4503 quoque
817 4421 857 4483 sit
883 4420 1040 4503 neglectim
1072 4427 1197 4482 etcum
1220 4418 1275 4501 qui
1298 4424 1353 4481 aut
1375 4417 1505 4502 implere
1523 4416 1664 4501 neglexit
1684 4426 1741 4481 aut
1759 4416 1878 4481 distulit

270 4519 310 4582 ad
331 4527 471 4584 nostram
493 4521 643 4585 volumus
673 4529 709 4585 ut
735 4524 841 4586 veniat
862 4525 969 4585 iussus
991 4523 1213 4605 praesentiam,
1241 4526 1276 4583 ut
1303 4521 1365 4584 cito
1393 4521 1546 4583 rationem
1569 4519 1607 4583 de
1627 4519 1696 4600 his,
1722 4521 1806 4584 sicut
1826 4540 1912 4595 stt-p·

271 4623 378 4705 perius
391 4624 418 4667 ¹⁴
440 4622 594 4704 dixinurs,
615 4626 738 4703 reddat;
761 4633 791 4689 et
813 4626 838 4688 si
861 4624 1026 4709 culpabilis
1048 4625 1197 4687 inventus
1216 4622 1324 4699 fuerit,
1346 4621 1472 4705 dignam
1495 4622 1721 4685 correctionem
1740 4622 1877 4706 accipiat,

271 4730 308 4787 ut
328 4726 439 4789 ceteris
459 4725 699 4809 neglegentibus
720 4728 900 4812 exemplum
922 4728 1049 4791 terroris
1070 4724 1223 4809 praebeat.

371 4833 418 4895 22.
462 4829 504 4893 Ut
530 4830 584 4894 ubi
605 4838 716 4914 pontes
736 4832 913 4913 antiquitus
937 4830 1067 4893 fuerunt
1094 4835 1125 4892 et
1145 4829 1178 4891 in
1198 4827 1248 4890 his
1269 4826 1345 4891 lucis
1368 4826 1422 4890 ubi
1448 4834 1587 4911 tempore
1606 4828 1759 4910 genitinis
1781 4829 1874 4891 nostri

372 5097 401 5169 gi
418 5098 523 5152 lertec.
584 5098 612 5161 h]
632 5101 736 5153 (beate.

373 5345 403 5415 8)
423 5348 508 5415 Cupp.
518 5346 585 5415 [φρ.
595 5349 663 5399 ucat
674 5348 738 5401 818.
749 5347 816 5413 8111,
825 5368 847 5398 c.
861 5346 904 5399 lt.
966 5344 995 5413 9)
1013 5344 1076 5398 Noa
1086 5345 1299 5396 itobiascreutmu
1308 5351 1354 5396 cat.
1425 5340 1472 5401 10]
1493 5342 1654 5394 (miratur-io
1662 5342 1870 5413 incomparata·
1884 5356 1915 5393 25»

268 5443 393 5512 videtum
406 5446 646 5513 ‹gsrmutemetr'um
657 5441 1179 5515 cupplequnoaddimu.818.819,‹=.
1193 5440 1235 5493 18.
1286 5440 1334 5509 11)
1354 5440 1397 5493 11.
1407 5439 1549 5492 ll'mterubr.
1594 5438 1869 5511 12lCupr‘tu1umm'-

267 5542 341 5595 tibica
348 5542 541 5607 carajorum
548 5543 696 5613 cripitulurc'
703 5544 738 5595 (ic
746 5550 850 5595 amima:
858 5559 942 5612 aaqmu
952 5542 996 5611 (p.
1008 5536 1080 5615 299)
1094 5540 1166 5592 eruto
1175 5540 1352 5593 coadhumatur.
1426 5536 1473 5607 13)
1494 5535 1869 5609 t'‹q›p.1qma‹ant.a.eta

270 5639 339 5712 819,
347 5658 371 5693 c.
383 5636 433 5711 173
449 5640 534 5711 Capp-
544 5640 724 5710 dofreuett'ou.
733 5640 810 5711 publ.
819 5641 894 5694 circa
903 5638 1002 5707 820,e.
1012 5638 1199 5711 l,euprupnp.
1211 5636 1277 5691 294.
1320 5636 1369 5709 14)
1389 5636 1484 5709 Cuqa'tc
1490 5634 1539 5689 20.
