4418 6226
441 325 500 388 238
950 325 1233 380 ADDITAMENTA
1254 326 1473 395 AD1P1PP1N1
1496 328 1544 382 ET

540 511 567 573 3.
607 508 721 586 Tertio,
760 517 795 571 ut
827 509 999 572 orationem
1034 509 1241 587 dominicam,
1275 508 1306 570 id
1338 515 1386 572 est
1418 507 1511 572 Pater
1542 515 1662 588 noster,
1692 519 1723 573 et
1748 507 1849 575 Credo
1885 511 1925 573 in
1955 506 2077 573 Deum

441 611 591 675 omnibus
614 609 671 674 sibi
695 610 845 674 subiectis
872 611 1035 675 insinuent
1062 617 1092 674 ct
1120 610 1180 674 sibi
1208 609 1294 674 reddi
1321 610 1436 674 faciant
1464 620 1526 674 tarn
1554 612 1639 675 viros
1666 617 1697 675 et
1722 610 1859 676 feminas
1889 630 2077 697 quamque

441 733 563 796 pucros.

541 817 568 879 4.
611 814 744 891 Quarto,
765 823 799 878 ut
820 815 880 898 ipsi
902 814 1075 896 presbyteri
1097 814 1426 895 acomessationibus,
1447 815 1677 898 potationibuS,
1698 822 1734 879 ut
1749 816 1916 899 apostolus
1938 822 2074 893 monet.¹

439 936 475 980 se
503 917 703 995 subtrahant,
735 936 808 978 nam
838 915 966 999 quidam
993 917 1119 980 illorum
1152 937 1226 980 cum
1255 916 1446 999 quibusdam
1473 918 1587 980 vicinis
1617 918 1685 981 suis
1713 923 1850 981 utuntur
1876 937 1997 1003 usque
2027 918 2072 983 ad
2111 940 2126 979 s

442 1018 577 1082 mediam
600 1026 721 1081 noctem
744 1025 775 1080 et
802 1037 838 1082 eo
859 1018 995 1101 amplius
1015 1039 1090 1082 cum
1111 1020 1188 1102 ipsis
1213 1018 1349 1082 bibendo
1378 1025 1558 1096 morantur3
1584 1026 1615 1082 et
1640 1020 1695 1101 qui
1723 1019 1861 1103 religiosi
1891 1026 1932 1085 et
1953 1022 2071 1085 sancti

440 1140 510 1185 csse
532 1121 679 1184 videntur
706 1140 770 1182 non
798 1120 926 1203 quidem
952 1127 1029 1183 tunc
1055 1120 1097 1183 ibi
1120 1132 1265 1199 manent,
1292 1120 1346 1184 sed
1373 1129 1479 1185 tamen
1502 1121 1633 1183 saturati
1661 1121 1711 1185 rel
1740 1120 1818 1184 ebrii
1845 1129 2073 1187 revertuntur

444 1223 482 1285 nd
505 1223 651 1286 ccclesias
672 1243 746 1286 suas
774 1230 804 1286 ct
833 1242 938 1305 noque
959 1224 991 1285 in
1013 1222 1064 1286 die
1085 1242 1189 1305 neque
1210 1225 1242 1285 in
1266 1229 1357 1285 nocte
1378 1221 1519 1285 officium
1539 1220 1608 1285 Deo
1634 1223 1667 1285 in
1688 1223 1819 1287 ecclesia
1844 1222 1908 1287 sibi
1937 1225 2071 1289 credita

442 1324 641 1407 persolvunt,
663 1325 806 1387 nonnulli
828 1344 902 1387 vcro
924 1325 955 1386 in
979 1325 1089 1389 codem
1111 1324 1193 1403 loco,
1217 1324 1271 1387 ubi
1293 1325 1331 1387 ad
1355 1325 1539 1386 convivium
1560 1330 1713 1408 pergunt,
1733 1324 1904 1389 dormiunt.

542 1430 570 1491 b.
614 1426 744 1506 Quinte,
767 1434 801 1489 ut
823 1427 882 1509 ipsi
904 1425 1078 1509 presbyteri
1100 1426 1176 1490 tales
1198 1426 1368 1490 scholarios
1395 1426 1546 1505 habeant,
1572 1426 1605 1488 id
1630 1432 1678 1490 cst
1700 1427 1743 1490 ita
1763 1427 1901 1491 nutritos
1924 1434 1959 1492 et
1982 1430 2072 1493 insi·
2095 1453 2123 1493 ra

442 1536 570 1606 nuatoS,
600 1537 634 1591 nt.
655 1531 680 1591 si
702 1528 780 1592 forte
807 1531 852 1592 cis
873 1531 1034 1612 contingat
1053 1549 1117 1591 non
1138 1548 1230 1611 posse
1251 1548 1415 1592 occurrero
1445 1536 1584 1612 ternpore
1610 1529 1799 1612 competenti
1825 1528 1865 1592 ad
1885 1529 2071 1595 ecclesiam

443 1650 533 1693 suam
556 1631 650 1692 oflicii
667 1631 767 1713 gratia
787 1630 1002 1714 persolvendi,
1026 1631 1056 1694 id
1078 1640 1126 1695 cst
1146 1632 1285 1703 tertiam,
1307 1638 1443 1710 sextam,
1465 1650 1582 1694 nonam
1603 1636 1634 1694 et
1648 1650 1810 1714 vesperae,
1830 1632 1890 1714 ipsi
1904 1632 2069 1697 scholarii
2095 1690 2099 1695 .

442 1740 475 1795 ct
496 1734 623 1811 signum
645 1733 678 1794 iu
700 1742 838 1815 tempore
859 1753 917 1796 suo
938 1732 1065 1816 pulsent
1085 1742 1116 1797 et
1136 1733 1276 1796 officium
1298 1733 1428 1796 honeste
1448 1731 1515 1796 Dco
1536 1732 1724 1812 persolvant

544 1836 572 1899 d.
615 1834 726 1912 Sexto,
749 1845 782 1896 ut
803 1834 969 1917 diligenter
985 1836 1126 1898 resciatis
1138 1842 1208 1918 post
1220 1835 1451 1898 ordinationem
1465 1835 1720 1917 uniuscuiusque
1740 1834 1931 1918 presbyteri,
1953 1856 2068 1920 quan·

442 1944 511 1999 tum
535 1937 671 2018 (piisque
690 1936 798 1999 feccrit
824 1938 856 1999 in
885 1958 943 2000 suo
970 1938 1159 2000 ministerio:
1189 1938 1264 2020 qrda
1291 1938 1347 2020 qui
1376 1946 1449 2000 ante
1475 1937 1704 2000 ordinationem
1733 1955 1887 2020 pauperes
1911 1936 2117 2017 fueruntne

442 2045 513 2121 post
533 2038 761 2101 ordinationem
791 2059 864 2101 vero
894 2038 932 2101 dc
959 2038 1055 2101 rebus
1085 2059 1158 2101 crim
1187 2039 1305 2122 quibus
1335 2038 1508 2102 debuerant
1535 2039 1676 2103 ecclesiis
1707 2041 1824 2103 servire
1851 2046 1966 2103 emunt
1994 2040 2064 2105 sibi

441 2140 581 2203 alodium
605 2149 636 2203 ct
655 2141 811 2223 mancipia
832 2150 863 2204 ct
883 2149 1021 2203 caeteras
1041 2140 1217 2211 facultates,
1246 2148 1278 2204 et
1297 2161 1403 2223 neque
1424 2142 1457 2203 in
1479 2161 1537 2204 sua
1557 2140 1689 2204 lectione
1710 2141 1829 2223 aliquid
1850 2139 2065 2224 profecerunt

442 2262 547 2325 nequo
568 2242 665 2306 libros
686 2252 956 2325 congregaverunt
977 2252 1033 2306 aut
1053 2262 1089 2306 ca
1111 2264 1192 2326 quac
1213 2243 1420 2326 pcrtinentad
1434 2243 1557 2306 cultum
1572 2243 1733 2326 religionis
1754 2250 2063 2326 atrgmeutaverunt,

443 2345 499 2408 sed
521 2364 645 2428 semper
666 2346 812 2408 convitiis
833 2352 864 2408 et
884 2345 1125 2408 contritionibus
1146 2351 1176 2408 ct
1198 2346 1306 2427 rapina
1327 2346 1448 2407 visunt.

543 2449 568 2510 l.
610 2447 764 2530 Septimo,
787 2456 821 2509 ut
842 2447 1031 2510 domesticos
1053 2466 1142 2522 suae,
1170 2446 1201 2509 id
1222 2454 1270 2510 cst
1290 2466 1343 2510 cos
1366 2448 1516 2529 quicum
1539 2448 1615 2529 ipsis
1637 2453 1712 2510 sunt
1740 2448 1773 2510 in
1796 2468 1853 2511 sua
1875 2448 2061 2529 mensione,
2081 2478 2111 2516 ao

444 2551 511 2612 sive
533 2548 702 2611 scholarios
723 2550 790 2611 sivo
811 2548 887 2610 alios
908 2550 1097 2625 serr'icntcS,
1126 2548 1365 2629 diligentissime
1390 2548 1570 2630 pmcvidcre
1592 2548 1738 2612 studeant
1759 2548 1798 2612 ab
1828 2548 1980 2611 omnibus
2007 2551 2060 2613 ri·

444 2653 496 2714 tiis
524 2660 554 2715 ct
580 2651 720 2713 maxime
745 2650 784 2712 dc
811 2649 1013 2713 ebrietatibus
1046 2656 1076 2712 et
1111 2651 1248 2713 luxuriis
1275 2657 1305 2713 ct
1337 2651 1434 2713 variis
1464 2649 1683 2713 immunditiis.
1731 2650 1828 2729 Nam,
1860 2651 1942 2713 sicut
1977 2651 2061 2716 dicit

442 2752 633 2835 apostolnsl,
662 2753 717 2834 qui
736 2751 978 2814 domesticorum
1002 2771 1134 2814 suorum
1157 2771 1265 2813 curam
1285 2751 1415 2833 negligit
1437 2751 1568 2814 aliorum
1590 2772 1654 2814 non
1676 2753 1824 2834 prodesse
1844 2755 1957 2836 poterit
1978 2772 2059 2817 con·

443 2855 622 2917 versationi.

543 2962 571 3020 ii.
616 2954 750 3034 Octavo,
782 2964 817 3018 ut
846 2956 1014 3038 hospitales
1042 2956 1119 3031 sint,
1145 2956 1219 3037 quia
1249 2954 1354 3034 multi,
1384 2956 1439 3037 qui
1467 2955 1572 3017 sciunt
1599 2956 1751 3039 hospitem
1781 2957 1986 3040 supervenire
2012 2958 2057 3021 ad
2077 2988 2108 3028 25

443 3058 607 3121 ecclesiam
631 3078 722 3121 suam
743 3058 878 3141 fugiunt.
922 3058 983 3121 Sed
1005 3058 1088 3140 quod
1111 3057 1271 3140 apostolus
1298 3056 1387 3119 iubet
1416 3063 1445 3119 ct
1472 3063 1593 3120 caetera
1620 3059 1775 3142 scriptura
1800 3059 1908 3121 divina
1931 3060 2057 3135 sectari,

442 3160 490 3223 illi
512 3180 529 3223 e
550 3161 705 3223 contrario
726 3160 846 3223 fuciunt
867 3167 897 3224 ct
918 3159 1109 3244 pauperibus
1131 3159 1300 3222 subvenire
1321 3164 1476 3221 metuunt.

543 3265 570 3327 9.
611 3261 716 3325 Nono:
739 3260 827 3325 iubet
848 3261 1008 3345 apostolus
1029 3260 1177 3325 omnibus
1198 3259 1358 3335 fidelibus,¹
1379 3266 1416 3323 ut
1436 3279 1539 3323 sermo
1560 3279 1671 3323 corum
1693 3262 1723 3323 in
1746 3262 1847 3344 gratia
1866 3262 1907 3324 sit
1927 3280 2057 3345 semper

443 3364 508 3427 sale
529 3364 691 3442 condituS,
713 3364 743 3426 id
764 3371 811 3427 est
832 3369 868 3427 ut
889 3383 925 3427 ca
946 3364 1095 3447 loquatur
1115 3364 1305 3427 christianus
1327 3381 1407 3445 quae
1429 3362 1571 3446 religioni
1587 3364 1807 3440 conveniuntc,
1830 3363 1914 3426 undo
1934 3363 2056 3446 aliquis

442 3473 582 3530 mentem
604 3467 732 3530 condire
753 3468 850 3549 possit
871 3471 902 3530 et
922 3487 940 3529 a
960 3466 1126 3549 putredine
1148 3473 1346 3548 peccaterum
1360 3465 1540 3529 emundare.
1581 3464 1613 3528 Si
1636 3464 1785 3528 omnibus
1806 3464 2040 3528 hostiense...
2075 3500 2106 3539 ³0

541 3688 571 3753 a)
593 3689 631 3742 cl.
647 3707 695 3741 nas.
709 3688 832 3743 serviunt
846 3689 911 3743 Bul.
994 3690 1023 3757 b)
1048 3692 1160 3745 Chretcra
1172 3691 1276 3743 murat.
1291 3689 1355 3741 Bul.

545 3906 572 3973 n
597 3905 620 3958 1.
638 3905 752 3958 rama.
770 3904 796 3970 5,
811 3905 835 3958 s.

616 4410 704 4512 121.
735 4401 934 4512 Missi
973 4399 1377 4509 CUIUSDAM
1417 4402 1870 4513 ADMONITIO.

1139 4572 1353 4652 sm-ma

544 4753 685 4856 Lepa'tur
696 4772 729 4832 in
745 4768 907 4833 corticibus
971 4766 996 4839 t)
1020 4765 1219 4847 Uocontia,
1243 4767 1301 4849 fol.
1316 4770 1376 4835 228
1388 4770 1507 4833 alma-to
1522 4784 1599 4856 post
1614 4774 1845 4855 praefationem
1861 4771 2054 4856 cuprttulurt's
2072 4817 2101 4857 ,5

444 4878 615 4942 italicitibl
641 4888 670 4940 ct
731 4879 761 4947 2)
783 4874 966 4937 I’nrtlsr‘cmsr'
974 4874 1069 4951 4613,
1094 4871 1152 4955 fol.
1166 4876 1232 4953 91',
1258 4876 1292 4937 in
1321 4899 1381 4960 qao
1402 4880 1652 4943 tarnatensem
1673 4890 1794 4941 tetthen
1815 4891 1972 4943 screatum
1994 4893 2051 4962 est,

443 5003 513 5042 carro
536 4992 618 5043 totos
633 4978 784 5060 jbltbmnn
805 4977 967 5063 quaternio
994 5000 1015 5037 a
1036 4974 1141 5038 codice
1169 4977 1314 5040 abactam
1334 4979 1385 5040 sit.
1427 4978 1467 5041 In
1487 4979 1554 5043 cod.
1576 4981 1758 5044 Parebr'ettaa‘
1782 4980 1952 5043 octuzontob
1977 4982 2050 5045 aab

440 5082 583 5165 aequatur
601 5080 777 5164 capitulare
796 5081 964 5143 rrrtbsmmm
979 5081 1047 5144 802.

543 5182 792 5245 ‘'ldrnmta‘trbnem
814 5207 835 5243 u
856 5180 975 5244 Kurolr‘
990 5181 1034 5243 M.
1057 5181 1256 5258 irrepere-torale
1276 5183 1375 5245 ortheo
1396 5182 1529 5266 quodam
1551 5196 1729 5268 correptam
1752 5208 1832 5264 case,
1849 5186 1995 5269 jbriosse
2014 5199 2052 5249 ut

441 5287 589 5348 rccr'tctur
610 5285 642 5346 in
659 5282 781 5367 placito
801 5309 822 5345 a
844 5284 951 5346 tiresia
970 5281 1128 5363 berhardo,
1149 5284 1217 5346 erbas
1236 5284 1329 5347 verbo
1349 5285 1440 5348 titttrb
1456 5285 1565 5368 posito
1577 5298 1684 5370 apicrte
1705 5285 1926 5349 rhtrrmtstruut.
1971 5286 2047 5352 Cum
2067 5325 2097 5364 40

443 5386 567 5451 codices
587 5387 701 5471 quidm
720 5384 860 5449 hudt'tur
881 5385 987 5449 sicilici
1001 5387 1082 5466 erist,
1103 5385 1210 5449 italici
1226 5388 1319 5450 ettam
1340 5386 1436 5448 carissi
1453 5386 1623 5450 odrnotn'ttb
1644 5387 1788 5450 habenda
1809 5388 1941 5451 or'dattnn

1400 5487 1946 5571 mrmffimnrma
