4418 6226
738 394 788 448 ET
808 393 1024 450 HLOTHARII
1045 390 1310 448 OAPITULARIA
1333 391 1434 444 814-
1447 391 1513 447 827.
1873 387 1933 485 3:17

316 586 500 647 novercam,
529 568 634 631 fratris
655 587 803 646 uxorem,
828 568 995 632 ueletiam
1017 567 1056 631 de
1077 568 1202 651 propria
1225 569 1412 650 cognatione
1433 573 1489 630 aut
1509 586 1606 650 quam
1631 574 1784 651 cognatus
1811 567 1932 647 habuit,

318 671 424 734 nullus
446 670 560 734 audeat
580 672 614 733 in
635 672 782 754 coniugio
804 670 960 755 copulare.
1004 669 1037 734 Si
1067 670 1140 752 quis
1167 689 1242 734 vero
1270 670 1345 733 huic
1370 669 1489 733 nefario
1516 671 1664 754 coniugio
1688 672 1871 734 convenerit
1898 676 1930 734 et

317 776 408 837 ineo
436 774 657 856 permanserit,
686 775 765 836 sciat
790 792 824 837 se
852 773 1022 857 apostolica
1051 768 1236 835 auctoritate
1255 767 1463 830 anathematis
1489 767 1616 831 vinculo
1637 786 1705 831 esse
1730 767 1933 848 innodatum,

317 886 348 939 et
368 875 476 938 nullus
496 876 640 938 sacerdos
659 876 705 938 illi
726 875 845 938 tribuat
865 875 1132 938 communionem.
1173 870 1205 935 Si
1227 889 1301 933 vero
1328 889 1502 933 conversus
1533 869 1719 953 divisusque
1746 868 1786 932 ab
1807 870 1927 933 inlicita

293 978 412 1040 efuen't
433 978 649 1061 copulatione,
671 977 785 1061 dignae
806 977 997 1060 penitentiae
1019 973 1238 1053 submittatur,
1260 978 1295 1036 ut
1316 972 1460 1035 sacerdos
1480 972 1541 1034 loci
1563 973 1813 1036 consideraverit

419 1079 583 1162 Eugenius
603 1081 704 1163 gratia
727 1077 784 1143 Dei
805 1081 972 1162 episcopus
998 1083 1124 1141 sanctae
1149 1074 1318 1139 catholicae
1339 1080 1435 1157 atque
1456 1075 1644 1157 apostolicae
1664 1073 1825 1139 Romanae
1845 1076 1925 1140 ecle-

318 1184 382 1245 siae
403 1183 477 1245 buic
498 1182 622 1245 decreto
643 1201 662 1244 a
682 1180 775 1244 nobis
797 1181 995 1264 promulgato
1017 1178 1197 1262 subscripsi.

976 1451 1274 1460 ———--

695 1799 782 1902 181.
819 1793 899 1902 IN
905 1793 1244 1903 DICULUS
1283 1792 1560 1902 EORUM

480 1961 617 2093 QUI
658 1960 1249 2073 SAORAMENTUM
1287 1959 1767 2071 FIDELITATIS

279 2178 305 2214 10
858 2128 1388 2240 IURAVERUNT.

418 2311 589 2391 lavenz'tur
610 2328 643 2388 ia
664 2324 769 2389 codice
790 2325 822 2389 S.
844 2325 947 2389 Paua·
971 2327 1005 2389 iu
1025 2324 1198 2388 Kanbtlu'a
1224 2325 1284 2388 aab
1302 2325 1372 2403 fine
1400 2321 1591 2408 capitular&
1615 2322 1803 2388 olonnensis
1826 2351 1928 2412 capno

312 2460 387 2521 pap.
398 2436 458 2499 329
478 2434 559 2497 ede'ti
575 2433 642 2495 alio
662 2431 788 2496 saeculi
803 2434 883 2496 noni
898 2455 997 2495 manu
1017 2431 1172 2495 additam.

418 2535 599 2598 Iadaimlum
622 2558 688 2597 eoae
708 2557 813 2597 eonon
836 2535 896 2619 qua'
910 2535 1087 2598 abraom'at
1111 2536 1179 2597 eine
1197 2535 1340 2614 amaena,
1368 2533 1510 2596 amineam
1530 2555 1597 2597 ecee
1616 2531 1679 2598 duo
1697 2535 1857 2620 pactolda’a’
1872 2560 1924 2600 uo·

316 2640 433 2700 maburti
455 2638 600 2721 probant.
648 2634 706 2697 Ad
727 2635 895 2715 fidelitates
921 2637 1131 2700 obtrectandum
1156 2637 1228 2721 repa'
1246 2636 1436 2715 praeatum
1466 2635 1549 2699 hunc
1572 2636 1749 2701 ebdomadam
1775 2652 1926 2723 epactam,

279 2738 526 2824 1⁵oollependum
553 2738 677 2801 vatiam
702 2760 718 2801 e
742 2737 932 2822 capabularab
961 2761 1062 2822 supra
1081 2762 1158 2824 pop.
1173 2739 1211 2803 67
1241 2737 1323 2802 editi
1344 2738 1448 2822 oapa'te
1467 2750 1594 2822 quarto,
1625 2762 1685 2824 qao
1713 2739 1844 2826 lepa'tur:
1871 2741 1928 2806 ‘Et

316 2843 447 2904 uomina
467 2841 516 2904 vel
535 2859 707 2904 numerum
736 2840 774 2903 de
800 2840 879 2925 ipsis
906 2842 963 2923 qui
982 2841 1170 2904 iuraverunt
1198 2842 1257 2923 ipsi
1287 2841 1377 2903 missi
1404 2841 1438 2903 in
1463 2838 1592 2904 brebem
1614 2861 1723 2905 secum
1749 2843 1925 2927 adportant,

316 2951 347 3007 et
367 2945 497 3007 comites
512 2943 657 3006 similiter
669 2943 707 3006 de
724 2943 859 3025 singulis
878 2943 1019 3007 centenis
1032 2941 1164 3007 semoti.’
1205 2940 1374 3005 Indabalaa
1385 2943 1527 3005 aeoma'te
1538 2944 1679 3028 amptum
1695 2944 1810 3025 forsan
1824 2945 1930 3010 vanari

311 3058 424 3131 pote-st,
445 3070 515 3107 cum
535 3047 616 3108 nister
635 3046 779 3107 abrentes
801 3044 871 3125 fere
891 3056 1013 3107 centum
1033 3045 1188 3130 octopz'nta
1209 3066 1309 3107 cornea
1329 3042 1438 3106 nullas
1458 3045 1642 3109 nomabeaar.
1691 3045 1824 3110 δικαιῶ
1844 3071 1924 3112 nono

316 3146 492 3210 aedanum
512 3171 578 3210 asae
598 3148 771 3229 confectum
794 3144 913 3209 codicis
933 3145 1070 3209 Paulam·
1087 3159 1176 3210 actua
1191 3147 1328 3230 probare
1346 3144 1488 3222 mileum
1504 3143 1644 3228 fortacee
1664 3147 1825 3212 abdobulua
1844 3150 1926 3232 refe-

278 3250 433 3314 aoreadua
454 3262 501 3312 eet
518 3248 564 3312 ad
584 3248 622 3312 id
640 3247 725 3334 quod
744 3249 778 3311 ia
797 3249 966 3311 mabaoraaa
987 3247 1123 3333 quodam
1141 3249 1246 3332 capite
1265 3269 1313 3311 oo.
1327 3247 1515 3314 828oel829
1536 3247 1610 3312 dato
1624 3251 1776 3313 amabatur
1792 3250 1928 3330 (Pertaa'a'

316 3354 411 3436 eapti.
425 3352 453 3414 Ι.
470 3349 646 3437 papae:
668 3350 837 3414 ‘Volumus
856 3356 892 3414 ut
910 3351 1000 3414 missi
1012 3351 1111 3414 nostri
1131 3369 1187 3434 per
1210 3356 1308 3414 totam
1331 3349 1520 3431 legationem
1543 3370 1634 3414 suam
1655 3353 1756 3435 primo
1778 3354 1924 3417 omniurn

316 3455 494 3537 inquirant,
520 3455 576 3537 qui
603 3455 666 3516 sint
687 3452 726 3516 de
746 3450 855 3516 liberis
876 3451 1059 3516 hominibus
1087 3454 1144 3535 qui
1165 3451 1346 3516 fidelitatem
1369 3451 1460 3516 nobis
1486 3453 1630 3517 nondum
1657 3455 1847 3537 promissum
1869 3456 1925 3519 ha·

317 3556 424 3635 beant,
446 3562 476 3619 et
496 3556 613 3619 faciant
631 3554 701 3618 illos
725 3573 794 3618 eam
814 3555 1011 3637 promittere,
1034 3555 1117 3617 sicut
1136 3554 1332 3618 consuetudo
1354 3572 1479 3637 semper
1498 3554 1578 3618 fuit’

1432 3655 1488 3730 (a.
1511 3655 1611 3728 aaa
1640 3656 1676 3719 P.
1695 3658 1723 3739 r,
1742 3659 1825 3728 aaa)

279 3831 305 3869 aa
319 3809 619 3895 Ortgrimogastaldo
642 3808 796 3892 Arderigo
978 3807 1072 3871 Ando
1299 3807 1417 3891 Ervigo
1626 3807 1769 3873 Catervio

358 3914 482 3976 iuravit.
644 3909 726 3973 Boso
977 3910 1052 3973 item
1076 3909 1238 3974 Pertefuso
1300 3908 1458 3974 Donesdei
1625 3911 1760 3974 Ausari·

318 4012 432 4077 Petrus
471 4015 620 4076 scavinus
642 4010 865 4076 Nordemanne
978 4010 1054 4075 Giso
1299 4010 1438 4074 Allolldd
1624 4009 1770 4094 &agulfo

360 4115 510 4177 similiter.
643 4114 726 4176 Aldo
981 4113 1176 4178 Gaureutius
1299 4112 1520 4196 Heldeprando
1624 4111 1790 4197 Roprande

319 4217 464 4280 Andreas
473 4217 622 4278 scavinus
645 4214 848 4279 Andemanne
978 4217 1158 4299 Amigauso
1300 4214 1428 4278 Alluido
1624 4213 1763 4278 [adini.

280 4318 429 4382 aoBruuo
644 4316 707 4381 Leo
727 4316 792 4380 filio
815 4317 936 4381 Andrei
979 4317 1106 4400 Riperto
1297 4314 1482 4380 Teudelasio
1624 4317 1701 4380 item
1722 4316 1865 4381 Catervio

320 4419 401 4483 Urso
420 4419 541 4482 infante
644 4419 850 4482 Ardemauno
977 4417 1170 4482 landefredo
1299 4418 1477 4500 Apulenare
1624 4416 1813 4490 Heldeberto

319 4520 497 4604 Regiuardo
644 4521 721 4584 item
744 4520 804 4583 alio
818 4521 947 4584 Andrea
977 4567 984 4582 .
1006 4569 1012 4581 .
1034 4531 1071 4583 ο·
1299 4521 1374 4584 item
1393 4520 1523 4584 Andrea
1624 4518 1739 4584 Petrus
1769 4537 1772 4544 ·

319 4623 402 4687 Urso
423 4621 565 4704 gastaldo
644 4620 840 4705 [andeperto
859 4629 947 4686 nota·
978 4621 1139 4685 Gunfredo
1300 4621 1410 4685 [adini
1624 4621 1761 4704 Andrea¹

321 4723 522 4787 Grimoaldus
684 4724 731 4786 rio
976 4723 1138 4787 Ala'stulfo
1300 4721 1411 4786 Mauro
1626 4722 1690 4787 Sar
1751 4729 1798 4773 ³0

281 4825 521 4889 uAudefredus
647 4823 727 4888 Urso
748 4826 871 4888 notario
978 4824 1121 4908 Maringo
1300 4822 1392 4887 Petro
1624 4824 1719 4888 Turro

321 4925 402 4989 Urso
424 4925 592 4989 Ambrosio
645 4924 808 4990 Pertefuso
977 4925 1070 4990 Petro
1298 4925 1603 4991 AnsoffliusAndrei
1625 4923 1783 4990 Leomallo

321 5025 427 5091 Gauso
643 5026 756 5090 Ladini
977 5027 1143 5091 Adalluiso
1299 5026 1399 5091 Gaido
1625 5025 1718 5091 Petro

320 5129 395 5192 item
415 5130 555 5193 Aufrodo
644 5127 821 5213 Saspraudo
978 5126 1171 5192 Froimundo
1299 5127 1435 5193 landari
1625 5127 1785 5194 Deusdedi

320 5227 382 5294 Leo
419 5229 504 5294 filius
533 5229 620 5294 Wal·
644 5230 707 5295 Ieo
728 5230 835 5295 Bunia
978 5229 1185 5314 Gausprando
1300 5230 1442 5295 Guntulo
1624 5231 1777 5316 Liupalde

279 5360 308 5397 ao
359 5331 472 5416 prandi
645 5332 827 5417 adalprand
977 5330 1106 5416 Roipert
1299 5331 1418 5416 Farago
1443 5365 1459 5393 a
1626 5333 1800 5398 Adalbaldo

418 5585 448 5657 a)
470 5588 587 5642 Noambi
593 5588 684 5642 lium
697 5605 714 5642 o
729 5587 782 5656 lapi
790 5595 894 5658 potem
916 5607 978 5642 eam
993 5591 1069 5659 infra
1083 5591 1151 5645 item
1165 5589 1274 5646 Britcio
1288 5591 1402 5660 lepotur,
1415 5591 1466 5647 boo
1480 5607 1585 5664 quoque
1598 5591 1773 5645 locan‘toio
1786 5591 1927 5661 dependam

318 5685 373 5723 me
381 5665 425 5741 (at
433 5669 555 5722 I'oetza'toe
562 5664 686 5743 consevit)
696 5668 812 5721 moadiae
819 5670 962 5724 scnemata
969 5678 1016 5724 aa.
