4380 6248
741 370 792 424 ET
811 369 1026 425 HLOTHARII
1047 368 1309 427 CAPITULARIA
1330 370 1508 427 ara-827.
1866 370 1927 434 373

416 549 443 612 6.
486 546 536 610 Ut
557 547 738 630 episcopi
759 552 875 609 extra
896 546 1096 630 propriam
1117 546 1386 629 parroechiam
1408 567 1489 610 non
1511 555 1727 612 morentur.
1779 549 1926 635 Episcopi

315 649 401 711 enim
422 647 461 711 ad
483 648 640 712 culturam
666 650 800 732 propriis
826 649 968 713 ecclesiis
1000 649 1107 732 sepius
1131 647 1247 712 debent
1276 649 1400 728 adesse,
1430 651 1505 733 quia
1534 650 1675 715 absentia
1696 654 1832 736 episcopi
1860 653 1925 737 plc-

314 770 452 833 rumque
472 750 508 814 fit
528 750 689 815 calamitas
711 749 820 835 plebis.
863 751 1002 835 Ideoque
1029 750 1214 814 sardicense
1241 751 1465 815 admonente¹¹
1492 752 1624 816 concilio
1651 754 1733 817 ultra
1754 756 1852 818 trium
1872 755 1924 819 eb

314 853 512 917 domatarum
534 854 670 937 spatium
699 874 718 916 a
740 854 875 937 propriis
895 854 1035 917 ecclesiis
1056 872 1121 916 non
1142 861 1322 931 morentur,
1347 854 1410 916 nisi
1439 853 1517 918 forte
1538 857 1787 938 periussionem
1810 864 1924 921 metro·

288 952 443 1038 cpolitani
464 955 515 1018 vol
535 956 703 1038 principis,
724 957 751 1019 si
772 974 813 1020 ex
830 956 1202 1038 necessitatecontingat3
1225 956 1376 1038 quoniam
1397 955 1524 1039 longius
1547 958 1608 1021 nisi
1631 977 1687 1041 per
1707 961 1923 1023 auctoritatem

313 1058 496 1121 canonicam
520 1057 675 1141 proficisci
696 1069 801 1141 neque
821 1056 955 1122 subiecti
976 1058 1152 1122 sacerdotes
1173 1057 1297 1123 debent.

413 1161 439 1224 i.
483 1158 554 1224 Ubi
575 1160 717 1224 clerici
738 1162 960 1225 consistere
982 1160 1163 1224 debeant
1210 1158 1394 1223 Necessaria
1415 1161 1530 1223 etenim
1552 1180 1604 1224 res
1626 1162 1750 1243 existit,
1776 1168 1813 1225 ut
1832 1164 1923 1226 iuxta

313 1263 478 1327 ecclesiam
500 1261 636 1326 claustra
657 1264 905 1330 constituantur.
933 1265 965 1326 in
988 1262 1106 1347 quibus
1126 1261 1230 1325 clerici
1253 1261 1426 1344 disciplinis
1445 1261 1645 1326 eclesiasticis
1667 1269 1792 1340 vacent,
1816 1265 1923 1348 itaque

312 1364 462 1429 omnibus
479 1385 583 1429 unum
604 1366 645 1429 sit
658 1365 858 1430 refectorium
875 1385 911 1428 ac
928 1365 1166 1444 dormitorium,
1187 1383 1244 1428 seu
1261 1371 1381 1428 ceterae
1402 1363 1546 1428 officinae
1567 1365 1606 1428 ad
1637 1386 1715 1430 usus
1737 1367 1922 1431 clericorum

274 1495 299 1533 ιι
312 1467 514 1531 necessariae.
545 1465 685 1531 Ministri
705 1486 780 1531 vero
803 1473 875 1551 post
897 1469 1080 1551 episcopum
1108 1488 1204 1552 super
1230 1487 1266 1532 ea
1286 1468 1363 1533 tales
1386 1468 1556 1552 eligantur,
1584 1489 1721 1552 quorum
1743 1471 1808 1533 rita
1829 1481 1924 1554 atque

312 1567 455 1632 doctrina
475 1568 545 1633 illos
564 1571 670 1653 potius
690 1576 845 1633 exornent
866 1589 963 1653 quam
983 1570 1196 1634 dehonestent

410 1674 438 1733 tt.
480 1668 537 1734 De
572 1669 863 1735 sacerdotibus
893 1673 931 1734 in
969 1670 1174 1736 subiectis
1209 1672 1526 1756 baptismalibus
1555 1671 1737 1756 plebibus
1772 1674 1923 1736 consti-

310 1772 487 1836 tuendis.
528 1772 679 1858 Episcopi
699 1775 733 1837 in
756 1772 998 1857 baptismalibus
1019 1773 1165 1857 plebibus
1186 1781 1223 1837 ut
1242 1782 1325 1839 certe
1335 1776 1470 1858 propriis
1491 1775 1657 1858 diligenter
1677 1794 1786 1838 curam
1810 1774 1924 1839 habere

312 1873 446 1953 debent,
467 1883 593 1939 etcum
614 1876 645 1938 in
669 1876 714 1939 eis
734 1875 935 1959 presbyteros
955 1877 1127 1939 necessitas
1148 1879 1320 1940 occurrerit
1340 1877 1523 1954 ordinandi,
1544 1884 1580 1940 ut
1600 1878 1796 1940 reverentius
1817 1876 1923 1941 obser-

271 2004 296 2042 ιι
311 1983 416 2053 vetur3
439 1979 588 2041 convenit
607 1979 690 2041 enim
714 1979 748 2040 in
769 1979 815 2042 eis
835 1976 952 2042 ibidem
971 1976 1184 2042 habitantium
1207 1977 1267 2041 sibi
1286 1979 1433 2043 adhibere
1454 1998 1652 2042 consensum.

410 2082 437 2145 9.
478 2079 527 2143 Ut
547 2079 690 2144 cleriei
711 2100 788 2143 non
810 2080 898 2164 plus
920 2100 1030 2163 quam
1053 2081 1238 2144 sufficiat
1259 2080 1501 2144 ordinentur.
1541 2079 1653 2162 Itaque
1673 2081 1705 2142 in
1729 2098 1921 2163 congregan-

309 2181 359 2244 dis
378 2182 499 2246 clericis
522 2182 636 2246 modus
665 2182 863 2247 discretionis
892 2191 1052 2260 teneatur,
1084 2183 1229 2247 videlicet
1257 2203 1297 2246 ne
1323 2183 1396 2267 plus
1425 2183 1631 2245 admittantur
1660 2202 1757 2265 quarn
1789 2183 1921 2247 l'acultas

310 2302 417 2347 rorum
440 2285 486 2348 eis
506 2286 658 2348 canonice
679 2284 829 2348 attributa
850 2285 995 2348 sufficere
1014 2286 1121 2369 possit.

412 2390 457 2453 to.
499 2387 552 2450 De
571 2388 846 2451 sacerdotibus
875 2388 942 2470 qui
972 2388 1010 2450 in
1040 2388 1229 2450 ecclesiis
1251 2386 1309 2450 vel
1337 2388 1596 2450 monasteriis
1627 2406 1700 2450 non
1728 2385 1919 2450 habitant.

269 2515 298 2550 ao
311 2489 494 2554 Sacerdotes
515 2509 655 2573 namque
676 2491 826 2553 constitui
848 2510 911 2553 non
935 2497 1057 2573 oportet
1081 2491 1141 2552 nisi
1163 2491 1197 2552 in
1218 2490 1363 2569 ecclesia,
1388 2497 1443 2552 aut
1464 2489 1591 2572 speciali
1613 2490 1802 2552 monasterio
1824 2489 1920 2572 depu-

311 2601 434 2672 tentur,
461 2611 501 2656 ne
522 2594 693 2656 necessitas
722 2593 755 2655 in
776 2592 991 2656 saecularibus
1014 2591 1162 2655 domibus
1188 2592 1251 2655 illis
1272 2591 1442 2655 habitando
1464 2599 1621 2668 occurrat,
1649 2591 1789 2673 alioquin
1811 2610 1830 2652 a
1851 2609 1921 2673 pro·

310 2695 387 2778 priis
408 2696 563 2778 episcopis
585 2696 695 2758 autin
717 2695 941 2778 episcopiaaut
959 2695 1196 2757 inmonasteria
1210 2693 1372 2757 habitandi
1393 2699 1425 2756 ot
1440 2693 1648 2756 conversandi
1669 2712 1725 2775 pro
1745 2692 1920 2756 exercendo

309 2796 411 2861 officio
434 2798 682 2861 constituantur:
704 2798 738 2861 in
760 2796 878 2880 quibus
898 2797 983 2860 enim
1005 2796 1155 2860 mulieres
1175 2795 1263 2859 nulla
1284 2797 1463 2859 conversari
1484 2797 1562 2858 ratio
1583 2795 1769 2879 permittitm

411 2903 457 2965 11.
499 2901 550 2966 Ut
572 2900 762 2964 sacerdos
780 2919 857 2963 non
879 2899 1017 2983 aliquo
1039 2899 1130 2962 ludo
1152 2898 1378 2962 delectetur.
1423 2897 1575 2962 Sacerdos
1593 2898 1678 2960 eninr
1694 2895 1920 2960 seduledivina

268 3003 400 3068 redebet
422 3004 612 3088 perscrutari
631 3008 661 3065 et
682 3003 851 3065 admonere
872 3002 1013 3084 eloquia,
1036 3008 1072 3065 ut
1091 3002 1274 3065 inveniatur
1294 2999 1406 3063 beatus
1427 3000 1466 3063 de
1487 3018 1550 3084 quo
1571 2999 1733 3083 psalmista
1754 3000 1814 3061 ait:
1837 3000 1920 3061 ‘etl‘t

310 3107 342 3170 in
364 3107 432 3190 lege
454 3107 524 3170 eius
548 3105 751 3169 meditabitur
771 3105 822 3168 die
849 3123 885 3168 ac
916 3104 1028 3167 nocte.'
1085 3101 1297 3179 Quamobrem
1325 3102 1418 3166 ludos
1440 3102 1564 3184 aliquos
1585 3119 1690 3163 coram
1710 3119 1744 3163 se
1764 3099 1833 3163 fieri
1854 3120 1918 3163 non

309 3208 488 3272 delectetur.
528 3207 754 3291 'lhansgressor
774 3207 892 3289 quippe
914 3206 1064 3269 inventus
1085 3204 1334 3268 admonitionem
1353 3205 1491 3288 episcopi
1514 3203 1646 3266 ulterius
1668 3220 1759 3285 agere
1781 3202 1917 3279 desinat;

307 3311 358 3374 sin
378 3317 497 3390 autem,
516 3311 667 3374 canonice
687 3309 852 3372 iudicetur.

413 3414 457 3477 12.
498 3412 547 3477 Ut
568 3411 801 3476 sacerdotes
833 3410 1029 3474 fencralia
1053 3418 1120 3474 arrt
1148 3411 1303 3473 rustica
1332 3409 1561 3472 ministeria
1590 3427 1666 3470 non
1697 3416 1916 3470 exerceant.

267 3515 491 3580 wSacerdotes
512 3517 618 3599 itaque
640 3515 696 3598 qui
717 3514 756 3577 ad
778 3511 883 3577 debita
905 3523 935 3576 et
960 3520 1116 3596 oportuna
1143 3512 1245 3575 officia
1266 3511 1406 3574 ecclesiis
1430 3509 1644 3573 indifferenter
1664 3508 1774 3572 adesse
1795 3507 1918 3586 debent,

309 3619 416 3682 fenore
435 3618 542 3701 aliquo
571 3625 627 3680 aut
651 3618 818 3680 venatione
844 3615 893 3678 vel
921 3614 1027 3698 aliqua
1057 3614 1261 3697 occupatione
1286 3613 1468 3695 rusticoque
1493 3611 1668 3674 ministerio
1695 3611 1826 3672 omnino
1854 3629 1917 3672 non

310 3730 516 3804 occupentur,
539 3721 616 3804 quia
636 3721 705 3784 sine
726 3727 839 3783 ornatu
861 3717 1044 3781 sacerdotali
1066 3723 1155 3780 extra
1177 3715 1287 3779 domos
1308 3734 1362 3778 cos
1382 3732 1531 3798 apparere
1553 3731 1616 3775 non
1637 3713 1799 3789 convenit,
1825 3729 1864 3774 ne
1885 3720 1918 3774 ut

309 3824 408 3907 aliqui
440 3823 649 3887 saecularium
683 3823 816 3885 iniurias
845 3821 1026 3904 paciantur,
1061 3819 1116 3882 sed
1139 3838 1176 3882 ea
1203 3816 1400 3881 solummodo
1433 3835 1515 3899 quae
1540 3834 1595 3899 per·
1625 3822 1747 3897 patrum
1776 3814 1918 3876 instituta

312 3926 462 3990 videntur
483 3924 657 3988 observent.
704 3923 887 3987 Contrarias
914 3923 1052 4005 denique
1079 3922 1229 3985 inventus
1255 3928 1311 3983 aut
1335 3919 1482 4002 deinceps
1509 3918 1646 3992 desinat,
1674 3925 1729 3979 aut
1750 3915 1919 3978 canonicae

267 4046 296 4085 aa
308 4026 468 4092 subiaceat
488 4026 679 4110 disciplinae.

410 4132 455 4194 13.
497 4130 537 4193 Si
568 4129 754 4192 sacerdos
782 4129 1060 4191 testimonium
1088 4126 1199 4190 dicat.
1251 4125 1453 4208 Quamquam
1483 4124 1680 4187 sacerdotum
1706 4120 1922 4185 testimonium

309 4230 494 4295 credibihua
520 4231 687 4310 habeatur,
717 4237 820 4294 tamen
849 4231 908 4313 ipsi
931 4231 962 4292 in
986 4228 1182 4293 secularibus
1203 4229 1337 4311 negotiis
1360 4247 1416 4310 pro
1437 4226 1615 4290 testimonio
1645 4230 1700 4287 aut
1720 4221 1925 4286 conficiendis

312 4334 536 4397 instrumentis
557 4352 620 4395 non
643 4341 809 4416 rogentur,
831 4333 906 4415 quia
927 4351 981 4395 eos
1001 4333 1035 4394 in
1056 4330 1173 4394 talibus
1196 4329 1292 4394 rebus
1306 4349 1375 4393 esse
1391 4348 1454 4391 non
1470 4329 1624 4391 convenit.
1667 4325 1700 4389 Si
1724 4327 1809 4389 enim
1832 4343 1926 4388 eren·

312 4443 361 4499 tae
382 4454 497 4499 causae
518 4435 636 4518 aliquid
665 4435 801 4498 viderint
829 4441 884 4498 aut
912 4435 1083 4510 arulierint,
1110 4432 1166 4496 ubi
1193 4431 1300 4495 nullae
1324 4432 1456 4494 idoneae
1483 4429 1695 4493 seculariunr¹¹
1722 4428 1927 4491 inveniantur

265 4556 297 4597 ιο
313 4556 478 4622 personae,
508 4557 548 4601 ne
568 4538 685 4600 veritae
706 4537 885 4600 occultetur
905 4544 936 4600 et
955 4535 1060 4599 malus
1083 4543 1117 4598 ut
1138 4534 1242 4597 bonus
1263 4535 1445 4610 estimetur,
1473 4533 1507 4594 in
1529 4530 1726 4615 providentia
1748 4530 1867 4612 proprii
1886 4529 1927 4592 sit

312 4640 464 4724 episcopi,
496 4650 532 4702 ut
559 4647 614 4702 aut
642 4658 748 4702 coram
775 4658 809 4702 se
839 4645 871 4702 ct
896 4636 1149 4721 competentibus
1179 4635 1338 4699 iudicibus
1365 4640 1421 4698 ant
1446 4635 1538 4697 aliter
1564 4634 1725 4696 veritatem
1754 4629 1927 4693 honorifice

311 4740 461 4804 attollant.

411 4846 457 4907 ta
500 4841 1335 4925 Ubisacerdotespostcondempnationem
1360 4843 1619 4921 csseoportet.
1646 4835 1923 4899 Sacerdosetenim

313 4953 369 5008 aut
388 4946 494 5028 quiris
522 4945 605 5009 alius
630 4946 663 5008 in
692 4944 802 5007 ordine
829 4944 1022 5008 eclesiastico
1048 4949 1216 5027 provectus
1242 4942 1268 5005 si
1296 4942 1328 5003 in
1349 4960 1385 5004 co
1414 4940 1531 5004 scelere
1558 4939 1754 5014 inveniatur,
1780 4956 1844 5020 quo
1870 4935 1924 4999 ab

268 5069 298 5108 a
313 5044 470 5109 iiciendus
490 5048 621 5123 existat,
643 5046 804 5130 depositus
823 5046 1020 5129 providentia
1041 5046 1178 5129 episcopi
1201 5043 1281 5108 bene
1303 5044 1429 5126 proviso
1448 5041 1516 5105 loco
1533 5043 1756 5118 constituatur,
1777 5038 1831 5103 ubi
1854 5056 1924 5122 pec-

313 5153 383 5210 cata
403 5146 509 5231 lugeat
528 5159 559 5211 et
581 5147 715 5212 ulterius
736 5168 800 5211 non
822 5149 1004 5212 committat

414 5398 454 5470 m)
475 5401 598 5472 ideoque
609 5401 649 5456 ihi
663 5419 712 5457 eos
723 5402 879 5457 conversari
891 5408 921 5457 ct
933 5400 1033 5456 nutriri
1044 5408 1155 5473 oportet
1163 5403 1232 5456 odd.
1243 5401 1348 5456 Moan'.
1409 5399 1438 5470 n)
1459 5398 1610 5455 seculariae
1622 5416 1645 5451 c.

412 5650 462 5717 ιιι
485 5650 552 5708 σω.
564 5650 610 5709 ra.
673 5650 723 5725 ra)
741 5650 845 5708 aaa.
856 5651 883 5723 1,
892 5650 920 5709 a

370 5763 414 5804 m
431 5764 618 5807 mmmm
632 5762 653 5805 1·
