<?xml version="1.0" encoding="UTF-8"?>
<!DOCTYPE html PUBLIC "-//W3C//DTD XHTML 1.0 Transitional//EN"
    "http://www.w3.org/TR/xhtml1/DTD/xhtml1-transitional.dtd">
<html xmlns="http://www.w3.org/1999/xhtml" xml:lang="en" lang="en">
 <head>
  <title>
</title>
<meta http-equiv="Content-Type" content="text/html;charset=utf-8" />
  <meta name='ocr-system' content='tesseract 3.04.00' />
  <meta name='ocr-capabilities' content='ocr_page ocr_carea ocr_par ocr_line ocrx_word'/>
</head>
<body>
  <div class='ocr_page' id='page_1' title='image "./monumentagerman00goog_0420.png"; bbox 0 0 4380 6248; ppageno 0'>
   <div class='ocr_carea' id='block_1_1' title="bbox 216 114 1270 179">
    <p class='ocr_par' dir='ltr' id='par_1_1' title="bbox 216 114 1270 179">
     <span class='ocr_line' id='line_1_1' title="bbox 216 114 1270 179; baseline 0.005 -9"><span class='ocrx_word' id='word_1_1' title='bbox 216 114 278 179; x_wconf 61' lang='lat'><strong>404</strong></span> <span class='ocrx_word' id='word_1_2' title='bbox 782 118 955 175; x_wconf 80' lang='lat' dir='ltr'><strong>ANSSGISI</strong></span> <span class='ocrx_word' id='word_1_3' title='bbox 976 118 1270 177; x_wconf 69' lang='lat' dir='ltr'><strong>cnPtTttthlut&#39;il</strong></span> 
     </span>
    </p>
   </div>
   <div class='ocr_carea' id='block_1_2' title="bbox 218 294 1833 585">
    <p class='ocr_par' dir='ltr' id='par_1_2' title="bbox 218 294 1833 585">
     <span class='ocr_line' id='line_1_2' title="bbox 221 294 1833 381; baseline -0.001 -21"><span class='ocrx_word' id='word_1_4' title='bbox 221 296 382 381; x_wconf 88' lang='lat' dir='ltr'><strong>apostolus</strong></span> <span class='ocrx_word' id='word_1_5' title='bbox 402 296 646 380; x_wconf 72' lang='lat' dir='ltr'><strong>hospitalitatem</strong></span> <span class='ocrx_word' id='word_1_6' title='bbox 665 295 801 359; x_wconf 90' lang='lat' dir='ltr'><strong>laudans</strong></span> <span class='ocrx_word' id='word_1_7' title='bbox 821 296 917 360; x_wconf 84' lang='lat' dir='ltr'><strong>dixit:</strong></span> <span class='ocrx_word' id='word_1_8' title='bbox 947 295 1119 381; x_wconf 85' lang='lat' dir='ltr'><strong>‘perhanc</strong></span> <span class='ocrx_word' id='word_1_9' title='bbox 1145 296 1275 379; x_wconf 91' lang='lat' dir='ltr'><strong>quidam</strong></span> <span class='ocrx_word' id='word_1_10' title='bbox 1302 295 1490 380; x_wconf 90' lang='lat' dir='ltr'><strong>placuerunt</strong></span> <span class='ocrx_word' id='word_1_11' title='bbox 1509 294 1596 375; x_wconf 76' lang='lat' dir='ltr'><strong>Dec,</strong></span> <span class='ocrx_word' id='word_1_12' title='bbox 1624 296 1750 380; x_wconf 79' lang='lat' dir='ltr'>angelis</span> <span class='ocrx_word' id='word_1_13' title='bbox 1777 297 1833 360; x_wconf 92' lang='lat' dir='ltr'><strong>ho·</strong></span> 
     </span>
     <span class='ocr_line' id='line_1_3' title="bbox 218 405 1832 585; baseline 0.001 -21"><span class='ocrx_word' id='word_1_14' title='bbox 218 405 648 564; x_wconf 48' lang='lat' dir='ltr'><strong>⁸p¹t107⁸lu⁸0elpglsfflmsis</strong></span> <span class='ocrx_word' id='word_1_15' title='bbox 667 505 776 564; x_wconf 78' lang='lat' dir='ltr'><strong>contra</strong></span> <span class='ocrx_word' id='word_1_16' title='bbox 801 521 916 565; x_wconf 73' lang='lat' dir='ltr'><strong>morere</strong></span> <span class='ocrx_word' id='word_1_17' title='bbox 941 500 1083 565; x_wconf 76' lang='lat' dir='ltr'><strong>ecclesiae</strong></span> <span class='ocrx_word' id='word_1_18' title='bbox 1103 496 1166 562; x_wconf 81' lang='lat' dir='ltr'><strong>Dei</strong></span> <span class='ocrx_word' id='word_1_19' title='bbox 1192 498 1390 580; x_wconf 71' lang='lat' dir='ltr'><strong>sementibus.</strong></span> <span class='ocrx_word' id='word_1_20' title='bbox 1432 500 1589 564; x_wconf 86' lang='lat' dir='ltr'><strong>Auditum</strong></span> <span class='ocrx_word' id='word_1_21' title='bbox 1615 508 1679 579; x_wconf 79' lang='lat' dir='ltr'><strong>est,</strong></span> <span class='ocrx_word' id='word_1_22' title='bbox 1704 500 1832 585; x_wconf 84' lang='lat' dir='ltr'><strong>aliquas</strong></span> 
     </span>
    </p>
   </div>
   <div class='ocr_carea' id='block_1_3' title="bbox 215 603 1870 5192">
    <p class='ocr_par' dir='ltr' id='par_1_3' title="bbox 215 603 1870 974">
     <span class='ocr_line' id='line_1_4' title="bbox 219 603 1833 687; baseline -0.001 -21"><span class='ocrx_word' id='word_1_23' title='bbox 219 603 395 667; x_wconf 81' lang='lat' dir='ltr'><strong>abbatissas</strong></span> <span class='ocrx_word' id='word_1_24' title='bbox 416 612 526 666; x_wconf 88' lang='lat' dir='ltr'><strong>contra</strong></span> <span class='ocrx_word' id='word_1_25' title='bbox 551 622 671 666; x_wconf 90' lang='lat' dir='ltr'><strong>morem</strong></span> <span class='ocrx_word' id='word_1_26' title='bbox 695 610 821 667; x_wconf 90' lang='lat' dir='ltr'><strong>sanctae</strong></span> <span class='ocrx_word' id='word_1_27' title='bbox 843 603 902 669; x_wconf 89' lang='lat' dir='ltr'><strong>Dei</strong></span> <span class='ocrx_word' id='word_1_28' title='bbox 928 605 1078 668; x_wconf 89' lang='lat' dir='ltr'><strong>ecclesiae</strong></span> <span class='ocrx_word' id='word_1_29' title='bbox 1097 603 1331 667; x_wconf 76' lang='lat' dir='ltr'><strong>benedictiones</strong></span> <span class='ocrx_word' id='word_1_30' title='bbox 1358 604 1387 664; x_wconf 80' lang='lat' dir='ltr'><strong>et</strong></span> <span class='ocrx_word' id='word_1_31' title='bbox 1414 622 1530 666; x_wconf 91' lang='lat' dir='ltr'><strong>manus</strong></span> <span class='ocrx_word' id='word_1_32' title='bbox 1554 604 1775 687; x_wconf 85' lang='lat' dir='ltr'><strong>impositiones</strong></span> <span class='ocrx_word' id='word_1_33' title='bbox 1800 614 1833 667; x_wconf 92' lang='lat' dir='ltr'><strong>et</strong></span> 
     </span>
     <span class='ocr_line' id='line_1_5' title="bbox 218 704 1870 790; baseline -0.002 -21"><span class='ocrx_word' id='word_1_34' title='bbox 218 705 381 789; x_wconf 82' lang='lat' dir='ltr'><strong>signacula</strong></span> <span class='ocrx_word' id='word_1_35' title='bbox 409 711 535 768; x_wconf 86' lang='lat' dir='ltr'><strong>sanctae</strong></span> <span class='ocrx_word' id='word_1_36' title='bbox 562 707 666 769; x_wconf 90' lang='lat' dir='ltr'><strong>crucis</strong></span> <span class='ocrx_word' id='word_1_37' title='bbox 699 725 795 789; x_wconf 92' lang='lat' dir='ltr'><strong>super</strong></span> <span class='ocrx_word' id='word_1_38' title='bbox 821 709 922 790; x_wconf 89' lang='lat' dir='ltr'><strong>capita</strong></span> <span class='ocrx_word' id='word_1_39' title='bbox 948 707 1090 770; x_wconf 85' lang='lat' dir='ltr'><strong>virorum</strong></span> <span class='ocrx_word' id='word_1_40' title='bbox 1120 706 1211 784; x_wconf 81' lang='lat' dir='ltr'><strong>dare,</strong></span> <span class='ocrx_word' id='word_1_41' title='bbox 1241 723 1362 768; x_wconf 85' lang='lat' dir='ltr'><strong>necnon</strong></span> <span class='ocrx_word' id='word_1_42' title='bbox 1392 712 1423 769; x_wconf 92' lang='lat' dir='ltr'><strong>et</strong></span> <span class='ocrx_word' id='word_1_43' title='bbox 1450 704 1554 770; x_wconf 84' lang='lat' dir='ltr'><strong>velare</strong></span> <span class='ocrx_word' id='word_1_44' title='bbox 1578 706 1722 787; x_wconf 78' lang='lat' dir='ltr'><strong>virgines</strong></span> <span class='ocrx_word' id='word_1_45' title='bbox 1754 724 1870 770; x_wconf 77' lang='lat' dir='ltr'><strong>cums</strong></span> 
     </span>
     <span class='ocr_line' id='line_1_6' title="bbox 220 806 1832 892; baseline 0 -21"><span class='ocrx_word' id='word_1_46' title='bbox 220 808 438 871; x_wconf 90' lang='lat' dir='ltr'><strong>benedictione</strong></span> <span class='ocrx_word' id='word_1_47' title='bbox 459 807 650 870; x_wconf 87' lang='lat' dir='ltr'><strong>sacerdotali.</strong></span> <span class='ocrx_word' id='word_1_48' title='bbox 692 806 784 883; x_wconf 85' lang='lat' dir='ltr'><strong>Quod</strong></span> <span class='ocrx_word' id='word_1_49' title='bbox 805 810 935 872; x_wconf 91' lang='lat' dir='ltr'><strong>omnino</strong></span> <span class='ocrx_word' id='word_1_50' title='bbox 955 829 977 870; x_wconf 83' lang='grc' dir='ltr'><em>α</em></span> <span class='ocrx_word' id='word_1_51' title='bbox 995 809 1101 882; x_wconf 81' lang='lat' dir='ltr'><strong>vobis,</strong></span> <span class='ocrx_word' id='word_1_52' title='bbox 1123 808 1448 890; x_wconf 80' lang='lat' dir='ltr'><strong>sanctissimipatres,</strong></span> <span class='ocrx_word' id='word_1_53' title='bbox 1468 809 1503 871; x_wconf 91' lang='lat' dir='ltr'><strong>in</strong></span> <span class='ocrx_word' id='word_1_54' title='bbox 1520 808 1634 872; x_wconf 84' lang='lat' dir='ltr'><strong>restris</strong></span> <span class='ocrx_word' id='word_1_55' title='bbox 1655 808 1832 892; x_wconf 88' lang='lat' dir='ltr'><strong>parrochiis</strong></span> 
     </span>
     <span class='ocr_line' id='line_1_7' title="bbox 215 907 783 974; baseline 0.004 -4"><span class='ocrx_word' id='word_1_56' title='bbox 215 907 283 971; x_wconf 81' lang='lat' dir='ltr'><strong>illis</strong></span> <span class='ocrx_word' id='word_1_57' title='bbox 304 909 555 973; x_wconf 88' lang='lat' dir='ltr'><strong>interdicendum</strong></span> <span class='ocrx_word' id='word_1_58' title='bbox 575 928 644 973; x_wconf 90' lang='lat' dir='ltr'><strong>esse</strong></span> <span class='ocrx_word' id='word_1_59' title='bbox 666 911 783 974; x_wconf 87' lang='lat' dir='ltr'><strong>scitote.</strong></span> 
     </span>
    </p>

    <p class='ocr_par' dir='ltr' id='par_1_4' title="bbox 219 1008 1868 1296">
     <span class='ocr_line' id='line_1_8' title="bbox 319 1008 1832 1096; baseline -0.001 -20"><span class='ocrx_word' id='word_1_60' title='bbox 319 1013 365 1076; x_wconf 74' lang='lat'><strong>72.</strong></span> <span class='ocrx_word' id='word_1_61' title='bbox 407 1013 456 1072; x_wconf 86' lang='lat' dir='ltr'><strong>Dc</strong></span> <span class='ocrx_word' id='word_1_62' title='bbox 484 1008 603 1073; x_wconf 65' lang='grc' dir='ltr'><strong>θῑθήοὶθ</strong></span> <span class='ocrx_word' id='word_1_63' title='bbox 630 1011 687 1091; x_wconf 82' lang='lat' dir='ltr'><strong>qui</strong></span> <span class='ocrx_word' id='word_1_64' title='bbox 721 1031 753 1074; x_wconf 86' lang='lat' dir='ltr'><strong>sc</strong></span> <span class='ocrx_word' id='word_1_65' title='bbox 779 1011 908 1092; x_wconf 75' lang='lat' dir='ltr'><strong>finpunt</strong></span> <span class='ocrx_word' id='word_1_66' title='bbox 935 1033 998 1075; x_wconf 85' lang='lat' dir='ltr'><strong>esse</strong></span> <span class='ocrx_word' id='word_1_67' title='bbox 1028 1011 1199 1076; x_wconf 70' lang='lat' dir='ltr'><strong>monachos.</strong></span> <span class='ocrx_word' id='word_1_68' title='bbox 1254 1013 1296 1077; x_wconf 90' lang='lat' dir='ltr'><strong>Ut</strong></span> <span class='ocrx_word' id='word_1_69' title='bbox 1321 1013 1364 1075; x_wconf 93' lang='lat' dir='ltr'><strong>illi</strong></span> <span class='ocrx_word' id='word_1_70' title='bbox 1397 1012 1519 1092; x_wconf 82' lang='lat' dir='ltr'><strong>clerici,</strong></span> <span class='ocrx_word' id='word_1_71' title='bbox 1550 1013 1606 1096; x_wconf 90' lang='lat' dir='ltr'><strong>qni</strong></span> <span class='ocrx_word' id='word_1_72' title='bbox 1639 1031 1674 1076; x_wconf 89' lang='lat' dir='ltr'><strong>se</strong></span> <span class='ocrx_word' id='word_1_73' title='bbox 1701 1010 1832 1094; x_wconf 79' lang='lat' dir='ltr'><strong>fingunt</strong></span> 
     </span>
     <span class='ocr_line' id='line_1_9' title="bbox 219 1114 1832 1198; baseline 0.001 -21"><span class='ocrx_word' id='word_1_74' title='bbox 219 1114 328 1178; x_wconf 88' lang='lat' dir='ltr'><strong>habitu</strong></span> <span class='ocrx_word' id='word_1_75' title='bbox 349 1114 400 1176; x_wconf 84' lang='lat' dir='ltr'><strong>rel</strong></span> <span class='ocrx_word' id='word_1_76' title='bbox 423 1115 550 1177; x_wconf 90' lang='lat' dir='ltr'><strong>nomine</strong></span> <span class='ocrx_word' id='word_1_77' title='bbox 572 1114 744 1178; x_wconf 89' lang='lat' dir='ltr'><strong>monachos</strong></span> <span class='ocrx_word' id='word_1_78' title='bbox 766 1134 852 1190; x_wconf 87' lang='lat' dir='ltr'><strong>osse,</strong></span> <span class='ocrx_word' id='word_1_79' title='bbox 875 1121 906 1180; x_wconf 93' lang='lat' dir='ltr'><strong>et</strong></span> <span class='ocrx_word' id='word_1_80' title='bbox 926 1135 991 1179; x_wconf 90' lang='lat' dir='ltr'><strong>non</strong></span> <span class='ocrx_word' id='word_1_81' title='bbox 1012 1122 1103 1196; x_wconf 83' lang='lat' dir='ltr'><strong>sunt,</strong></span> <span class='ocrx_word' id='word_1_82' title='bbox 1131 1114 1323 1179; x_wconf 90' lang='lat' dir='ltr'><strong>omnimodis</strong></span> <span class='ocrx_word' id='word_1_83' title='bbox 1343 1114 1469 1178; x_wconf 82' lang='lat' dir='ltr'><strong>videtur</strong></span> <span class='ocrx_word' id='word_1_84' title='bbox 1488 1115 1713 1197; x_wconf 85' lang='lat' dir='ltr'><strong>corrigendos⁸</strong></span> <span class='ocrx_word' id='word_1_85' title='bbox 1733 1122 1832 1198; x_wconf 87' lang='lat' dir='ltr'><strong>atque</strong></span> 
     </span>
     <span class='ocr_line' id='line_1_10' title="bbox 219 1216 1868 1296; baseline -0.003 -16"><span class='ocrx_word' id='word_1_86' title='bbox 219 1216 434 1280; x_wconf 88' lang='lat' dir='ltr'><strong>emendandos</strong></span> <span class='ocrx_word' id='word_1_87' title='bbox 455 1226 552 1296; x_wconf 79' lang='lat' dir='ltr'><strong>esse,⁸</strong></span> <span class='ocrx_word' id='word_1_88' title='bbox 572 1223 608 1279; x_wconf 89' lang='lat' dir='ltr'><strong>nt</strong></span> <span class='ocrx_word' id='word_1_89' title='bbox 626 1216 696 1280; x_wconf 79' lang='lat' dir='ltr'><strong>velb</strong></span> <span class='ocrx_word' id='word_1_90' title='bbox 718 1218 784 1280; x_wconf 89' lang='lat' dir='ltr'><strong>ven&#39;</strong></span> <span class='ocrx_word' id='word_1_91' title='bbox 807 1218 952 1281; x_wconf 91' lang='lat' dir='ltr'><strong>monachi</strong></span> <span class='ocrx_word' id='word_1_92' title='bbox 972 1219 1037 1281; x_wconf 90' lang='lat' dir='ltr'><strong>sint</strong></span> <span class='ocrx_word' id='word_1_93' title='bbox 1057 1217 1108 1282; x_wconf 89' lang='lat' dir='ltr'><strong>vel</strong></span> <span class='ocrx_word' id='word_1_94' title='bbox 1127 1219 1194 1282; x_wconf 81' lang='lat' dir='ltr'><strong>reri</strong></span> <span class='ocrx_word' id='word_1_95' title='bbox 1215 1217 1369 1281; x_wconf 83' lang='lat' dir='ltr'><strong>canonici.</strong></span> <span class='ocrx_word' id='word_1_96' title='bbox 1843 1239 1868 1276; x_wconf 76' lang='grc' dir='ltr'><strong>ιο</strong></span> 
     </span>
    </p>

    <p class='ocr_par' dir='ltr' id='par_1_5' title="bbox 216 1317 1866 1915">
     <span class='ocr_line' id='line_1_11' title="bbox 319 1317 1831 1403; baseline -0.001 -21"><span class='ocrx_word' id='word_1_97' title='bbox 319 1320 365 1382; x_wconf 82' lang='grc' dir='ltr'><strong>ῖ3.</strong></span> <span class='ocrx_word' id='word_1_98' title='bbox 406 1317 455 1380; x_wconf 83' lang='grc' dir='ltr'><strong>Ι)θ</strong></span> <span class='ocrx_word' id='word_1_99' title='bbox 471 1317 733 1398; x_wconf 78' lang='lat' dir='ltr'><strong>pseudoprophiis</strong></span> <span class='ocrx_word' id='word_1_100' title='bbox 753 1321 782 1380; x_wconf 79' lang='lat' dir='ltr'><strong>et</strong></span> <span class='ocrx_word' id='word_1_101' title='bbox 802 1317 908 1381; x_wconf 78' lang='lat' dir='ltr'><strong>dubiis</strong></span> <span class='ocrx_word' id='word_1_102' title='bbox 927 1317 1177 1382; x_wconf 69' lang='lat' dir='ltr'><strong>narrationum.</strong></span> <span class='ocrx_word' id='word_1_103' title='bbox 1225 1318 1499 1403; x_wconf 83' lang='lat' dir='ltr'><strong>Pseudographiae</strong></span> <span class='ocrx_word' id='word_1_104' title='bbox 1524 1324 1555 1382; x_wconf 91' lang='lat' dir='ltr'><strong>et</strong></span> <span class='ocrx_word' id='word_1_105' title='bbox 1581 1317 1699 1382; x_wconf 90' lang='lat' dir='ltr'><strong>dubiae</strong></span> <span class='ocrx_word' id='word_1_106' title='bbox 1722 1338 1831 1381; x_wconf 88' lang='lat' dir='ltr'><strong>narra·</strong></span> 
     </span>
     <span class='ocr_line' id='line_1_12' title="bbox 217 1420 1829 1505; baseline 0 -19"><span class='ocrx_word' id='word_1_107' title='bbox 217 1423 337 1499; x_wconf 71' lang='lat' dir='ltr'><strong>tiones,</strong></span> <span class='ocrx_word' id='word_1_108' title='bbox 360 1421 408 1484; x_wconf 82' lang='lat' dir='ltr'><strong>vel</strong></span> <span class='ocrx_word' id='word_1_109' title='bbox 430 1440 512 1504; x_wconf 88' lang='lat' dir='ltr'><strong>quae</strong></span> <span class='ocrx_word' id='word_1_110' title='bbox 532 1423 662 1484; x_wconf 91' lang='lat' dir='ltr'><strong>omnino</strong></span> <span class='ocrx_word' id='word_1_111' title='bbox 685 1428 795 1484; x_wconf 90' lang='lat' dir='ltr'><strong>contra</strong></span> <span class='ocrx_word' id='word_1_112' title='bbox 815 1420 910 1485; x_wconf 89' lang='lat' dir='ltr'><strong>fidem</strong></span> <span class='ocrx_word' id='word_1_113' title='bbox 927 1421 1112 1485; x_wconf 83' lang='lat' dir='ltr'><strong>catholicam</strong></span> <span class='ocrx_word' id='word_1_114' title='bbox 1129 1427 1220 1500; x_wconf 76' lang='lat' dir='ltr'><strong>sunt,</strong></span> <span class='ocrx_word' id='word_1_115' title='bbox 1241 1424 1278 1483; x_wconf 75' lang='lat' dir='ltr'><strong>aa</strong></span> <span class='ocrx_word' id='word_1_116' title='bbox 1297 1422 1428 1505; x_wconf 86' lang='lat' dir='ltr'><strong>epistola</strong></span> <span class='ocrx_word' id='word_1_117' title='bbox 1439 1422 1576 1505; x_wconf 88' lang='lat' dir='ltr'><strong>pessima</strong></span> <span class='ocrx_word' id='word_1_118' title='bbox 1596 1427 1629 1485; x_wconf 91' lang='lat' dir='ltr'><strong>et</strong></span> <span class='ocrx_word' id='word_1_119' title='bbox 1647 1420 1829 1487; x_wconf 79' lang='lat' dir='ltr'><strong>falsissima.</strong></span> 
     </span>
     <span class='ocr_line' id='line_1_13' title="bbox 218 1522 1831 1608; baseline -0.002 -20"><span class='ocrx_word' id='word_1_120' title='bbox 218 1545 313 1606; x_wconf 87' lang='lat' dir='ltr'><strong>qnam</strong></span> <span class='ocrx_word' id='word_1_121' title='bbox 336 1531 492 1587; x_wconf 89' lang='lat' dir='ltr'><strong>trausacto</strong></span> <span class='ocrx_word' id='word_1_122' title='bbox 509 1542 592 1587; x_wconf 92' lang='lat' dir='ltr'><strong>anno</strong></span> <span class='ocrx_word' id='word_1_123' title='bbox 614 1523 761 1588; x_wconf 88' lang='lat' dir='ltr'><strong>dicebant</strong></span> <span class='ocrx_word' id='word_1_124' title='bbox 780 1523 879 1608; x_wconf 89' lang='lat' dir='ltr'><strong>aliqui</strong></span> <span class='ocrx_word' id='word_1_125' title='bbox 899 1532 1039 1589; x_wconf 90' lang='lat' dir='ltr'><strong>errantes</strong></span> <span class='ocrx_word' id='word_1_126' title='bbox 1050 1531 1081 1589; x_wconf 92' lang='lat' dir='ltr'><strong>et</strong></span> <span class='ocrx_word' id='word_1_127' title='bbox 1101 1525 1133 1588; x_wconf 91' lang='lat' dir='ltr'><strong>in</strong></span> <span class='ocrx_word' id='word_1_128' title='bbox 1146 1544 1283 1588; x_wconf 89' lang='lat' dir='ltr'><strong>errorem</strong></span> <span class='ocrx_word' id='word_1_129' title='bbox 1295 1524 1374 1588; x_wconf 88' lang='lat' dir='ltr'><strong>alios</strong></span> <span class='ocrx_word' id='word_1_130' title='bbox 1395 1525 1555 1587; x_wconf 82' lang='lat' dir='ltr'><strong>mittentes</strong></span> <span class='ocrx_word' id='word_1_131' title='bbox 1574 1522 1661 1605; x_wconf 88' lang='lat' dir='ltr'><strong>quod</strong></span> <span class='ocrx_word' id='word_1_132' title='bbox 1680 1522 1722 1586; x_wconf 91' lang='lat' dir='ltr'><strong>de</strong></span> <span class='ocrx_word' id='word_1_133' title='bbox 1741 1522 1831 1586; x_wconf 90' lang='lat' dir='ltr'><strong>coelo</strong></span> 
     </span>
     <span class='ocr_line' id='line_1_14' title="bbox 217 1625 1830 1710; baseline 0 -21"><span class='ocrx_word' id='word_1_134' title='bbox 217 1627 395 1701; x_wconf 79' lang='lat' dir='ltr'><strong>cecidisset,</strong></span> <span class='ocrx_word' id='word_1_135' title='bbox 422 1646 481 1689; x_wconf 90' lang='lat' dir='ltr'><strong>noc</strong></span> <span class='ocrx_word' id='word_1_136' title='bbox 501 1625 671 1690; x_wconf 86' lang='lat' dir='ltr'><strong>credantur</strong></span> <span class='ocrx_word' id='word_1_137' title='bbox 691 1645 749 1690; x_wconf 90' lang='lat' dir='ltr'><strong>neo</strong></span> <span class='ocrx_word' id='word_1_138' title='bbox 773 1627 918 1706; x_wconf 66' lang='lat' dir='ltr'><strong>legantur</strong></span> <span class='ocrx_word' id='word_1_139' title='bbox 943 1627 998 1691; x_wconf 92' lang='lat' dir='ltr'><strong>sed</strong></span> <span class='ocrx_word' id='word_1_140' title='bbox 1019 1627 1260 1706; x_wconf 75' lang='lat' dir='ltr'><strong>comburantur,</strong></span> <span class='ocrx_word' id='word_1_141' title='bbox 1282 1645 1322 1690; x_wconf 88' lang='lat' dir='ltr'><strong>ne</strong></span> <span class='ocrx_word' id='word_1_142' title='bbox 1342 1628 1376 1690; x_wconf 92' lang='lat' dir='ltr'><strong>in</strong></span> <span class='ocrx_word' id='word_1_143' title='bbox 1398 1645 1534 1690; x_wconf 87' lang='lat' dir='ltr'><strong>ennrem</strong></span> <span class='ocrx_word' id='word_1_144' title='bbox 1556 1644 1614 1705; x_wconf 83' lang='lat' dir='ltr'><strong>pro</strong></span> <span class='ocrx_word' id='word_1_145' title='bbox 1634 1625 1692 1689; x_wconf 89' lang='lat' dir='ltr'><strong>tali</strong></span> <span class='ocrx_word' id='word_1_146' title='bbox 1714 1627 1830 1710; x_wconf 85' lang='lat' dir='ltr'><strong>scripto</strong></span> 
     </span>
     <span class='ocr_line' id='line_1_15' title="bbox 217 1727 1866 1813; baseline -0.004 -21"><span class='ocrx_word' id='word_1_147' title='bbox 217 1729 355 1813; x_wconf 91' lang='lat' dir='ltr'><strong>populus</strong></span> <span class='ocrx_word' id='word_1_148' title='bbox 376 1731 525 1792; x_wconf 87' lang='lat' dir='ltr'><strong>mittatur.</strong></span> <span class='ocrx_word' id='word_1_149' title='bbox 567 1727 628 1792; x_wconf 85' lang='lat' dir='ltr'><strong>Sed</strong></span> <span class='ocrx_word' id='word_1_150' title='bbox 650 1729 708 1792; x_wconf 93' lang='lat' dir='ltr'><strong>soli</strong></span> <span class='ocrx_word' id='word_1_151' title='bbox 729 1730 872 1793; x_wconf 89' lang='lat' dir='ltr'><strong>canonici</strong></span> <span class='ocrx_word' id='word_1_152' title='bbox 894 1728 967 1793; x_wconf 89' lang='lat' dir='ltr'><strong>libri</strong></span> <span class='ocrx_word' id='word_1_153' title='bbox 995 1735 1026 1793; x_wconf 90' lang='lat' dir='ltr'><strong>et</strong></span> <span class='ocrx_word' id='word_1_154' title='bbox 1050 1729 1194 1793; x_wconf 91' lang='lat' dir='ltr'><strong>catholici</strong></span> <span class='ocrx_word' id='word_1_155' title='bbox 1221 1735 1373 1793; x_wconf 88' lang='lat' dir='ltr'><strong>tractatus</strong></span> <span class='ocrx_word' id='word_1_156' title='bbox 1399 1735 1431 1792; x_wconf 89' lang='lat' dir='ltr'><strong>et</strong></span> <span class='ocrx_word' id='word_1_157' title='bbox 1451 1733 1633 1792; x_wconf 86' lang='lat' dir='ltr'><strong>sanctornm</strong></span> <span class='ocrx_word' id='word_1_158' title='bbox 1655 1728 1866 1791; x_wconf 78' lang='lat' dir='ltr'><strong>auderitasn</strong></span> 
     </span>
     <span class='ocr_line' id='line_1_16' title="bbox 216 1831 754 1915; baseline -0.004 -21"><span class='ocrx_word' id='word_1_159' title='bbox 216 1834 245 1894; x_wconf 79' lang='lat' dir='ltr'><strong>et</strong></span> <span class='ocrx_word' id='word_1_160' title='bbox 265 1832 347 1895; x_wconf 87' lang='lat' dir='ltr'><strong>dicta</strong></span> <span class='ocrx_word' id='word_1_161' title='bbox 369 1832 514 1915; x_wconf 86' lang='lat' dir='ltr'><strong>legantur</strong></span> <span class='ocrx_word' id='word_1_162' title='bbox 532 1839 563 1896; x_wconf 93' lang='lat' dir='ltr'><strong>et</strong></span> <span class='ocrx_word' id='word_1_163' title='bbox 582 1831 754 1894; x_wconf 89' lang='lat' dir='ltr'><strong>tradantur.</strong></span> 
     </span>
    </p>

    <p class='ocr_par' dir='ltr' id='par_1_6' title="bbox 216 1930 1863 2324">
     <span class='ocr_line' id='line_1_17' title="bbox 319 1930 1830 2016; baseline -0.001 -20"><span class='ocrx_word' id='word_1_164' title='bbox 319 1934 365 1998; x_wconf 74' lang='lat'><strong>74.</strong></span> <span class='ocrx_word' id='word_1_165' title='bbox 407 1932 455 1994; x_wconf 86' lang='lat' dir='ltr'><strong>De</strong></span> <span class='ocrx_word' id='word_1_166' title='bbox 474 1935 570 1995; x_wconf 75' lang='lat' dir='ltr'><strong>cantu</strong></span> <span class='ocrx_word' id='word_1_167' title='bbox 581 1930 724 1996; x_wconf 75' lang='lat' dir='ltr'><strong>Romae</strong></span> <span class='ocrx_word' id='word_1_168' title='bbox 744 1953 766 1995; x_wconf 83' lang='lat' dir='ltr'><strong>a</strong></span> <span class='ocrx_word' id='word_1_169' title='bbox 785 1932 945 1997; x_wconf 70' lang='lat' dir='ltr'><strong>moncellis</strong></span> <span class='ocrx_word' id='word_1_170' title='bbox 964 1933 1151 2013; x_wconf 77' lang='lat' dir='ltr'><strong>peropendo.</strong></span> <span class='ocrx_word' id='word_1_171' title='bbox 1193 1932 1347 1997; x_wconf 69' lang='lat' dir='ltr'><strong>dicaearchi</strong></span> <span class='ocrx_word' id='word_1_172' title='bbox 1367 1941 1403 1998; x_wconf 96' lang='lat' dir='ltr'><strong>ut</strong></span> <span class='ocrx_word' id='word_1_173' title='bbox 1420 1939 1550 1998; x_wconf 84' lang='lat' dir='ltr'><strong>canhrm</strong></span> <span class='ocrx_word' id='word_1_174' title='bbox 1560 1931 1746 1997; x_wconf 88' lang='lat' dir='ltr'><strong>Romanum</strong></span> <span class='ocrx_word' id='word_1_175' title='bbox 1766 1932 1830 2016; x_wconf 89' lang='lat' dir='ltr'><strong>ple·</strong></span> 
     </span>
     <span class='ocr_line' id='line_1_18' title="bbox 217 2034 1829 2121; baseline -0.001 -22"><span class='ocrx_word' id='word_1_176' title='bbox 217 2038 301 2100; x_wconf 90' lang='lat' dir='ltr'><strong>niter</strong></span> <span class='ocrx_word' id='word_1_177' title='bbox 321 2043 352 2100; x_wconf 92' lang='lat' dir='ltr'><strong>et</strong></span> <span class='ocrx_word' id='word_1_178' title='bbox 373 2034 589 2099; x_wconf 87' lang='lat' dir='ltr'><strong>ordinabiliter</strong></span> <span class='ocrx_word' id='word_1_179' title='bbox 607 2054 664 2119; x_wconf 91' lang='lat' dir='ltr'><strong>per</strong></span> <span class='ocrx_word' id='word_1_180' title='bbox 675 2036 860 2100; x_wconf 90' lang='lat' dir='ltr'><strong>nocturnale</strong></span> <span class='ocrx_word' id='word_1_181' title='bbox 872 2035 921 2100; x_wconf 88' lang='lat' dir='ltr'><strong>vel</strong></span> <span class='ocrx_word' id='word_1_182' title='bbox 939 2036 1067 2119; x_wconf 84' lang='lat' dir='ltr'><strong>gradale</strong></span> <span class='ocrx_word' id='word_1_183' title='bbox 1079 2035 1220 2100; x_wconf 86' lang='lat' dir='ltr'><strong>officinm</strong></span> <span class='ocrx_word' id='word_1_184' title='bbox 1230 2044 1398 2121; x_wconf 73' lang='lat' dir='ltr'><strong>peragant,</strong></span> <span class='ocrx_word' id='word_1_185' title='bbox 1417 2036 1591 2100; x_wconf 89' lang='lat' dir='ltr'><strong>secundnm</strong></span> <span class='ocrx_word' id='word_1_186' title='bbox 1610 2034 1698 2119; x_wconf 89' lang='lat' dir='ltr'><strong>qnod</strong></span> <span class='ocrx_word' id='word_1_187' title='bbox 1720 2034 1829 2098; x_wconf 75' lang='lat' dir='ltr'><strong>beame</strong></span> 
     </span>
     <span class='ocr_line' id='line_1_19' title="bbox 216 2137 1827 2222; baseline -0.003 -20"><span class='ocrx_word' id='word_1_188' title='bbox 216 2140 387 2202; x_wconf 89' lang='lat' dir='ltr'><strong>memoriae</strong></span> <span class='ocrx_word' id='word_1_189' title='bbox 407 2139 532 2219; x_wconf 77' lang='lat' dir='ltr'><strong>genitor</strong></span> <span class='ocrx_word' id='word_1_190' title='bbox 551 2144 659 2201; x_wconf 86' lang='lat' dir='ltr'><strong>noster</strong></span> <span class='ocrx_word' id='word_1_191' title='bbox 678 2137 834 2222; x_wconf 90' lang='lat' dir='ltr'><strong>Pippinus</strong></span> <span class='ocrx_word' id='word_1_192' title='bbox 854 2158 912 2202; x_wconf 84' lang='lat' dir='ltr'><strong>rox</strong></span> <span class='ocrx_word' id='word_1_193' title='bbox 933 2138 1104 2202; x_wconf 81' lang='lat' dir='ltr'><strong>decertavit</strong></span> <span class='ocrx_word' id='word_1_194' title='bbox 1129 2146 1166 2202; x_wconf 91' lang='lat' dir='ltr'><strong>ut</strong></span> <span class='ocrx_word' id='word_1_195' title='bbox 1191 2138 1295 2217; x_wconf 86' lang='lat' dir='ltr'><strong>fieret,</strong></span> <span class='ocrx_word' id='word_1_196' title='bbox 1323 2138 1451 2222; x_wconf 89' lang='lat' dir='ltr'><strong>quando</strong></span> <span class='ocrx_word' id='word_1_197' title='bbox 1473 2138 1675 2202; x_wconf 89' lang='lat' dir='ltr'><strong>Gallicanum</strong></span> <span class='ocrx_word' id='word_1_198' title='bbox 1700 2138 1827 2199; x_wconf 71' lang='lat' dir='ltr'><strong>cautam</strong></span> 
     </span>
     <span class='ocr_line' id='line_1_20' title="bbox 216 2238 1863 2324; baseline 0 -21"><span class='ocrx_word' id='word_1_199' title='bbox 216 2240 290 2303; x_wconf 90' lang='lat' dir='ltr'><strong>tulit</strong></span> <span class='ocrx_word' id='word_1_200' title='bbox 311 2239 351 2303; x_wconf 91' lang='lat' dir='ltr'><strong>ob</strong></span> <span class='ocrx_word' id='word_1_201' title='bbox 374 2241 614 2304; x_wconf 85' lang='lat' dir='ltr'><strong>unanimitatem</strong></span> <span class='ocrx_word' id='word_1_202' title='bbox 635 2240 822 2324; x_wconf 87' lang='lat' dir='ltr'><strong>apostohcae</strong></span> <span class='ocrx_word' id='word_1_203' title='bbox 844 2241 927 2305; x_wconf 90' lang='lat' dir='ltr'><strong>sedis</strong></span> <span class='ocrx_word' id='word_1_204' title='bbox 947 2248 979 2305; x_wconf 89' lang='lat' dir='ltr'><strong>ot</strong></span> <span class='ocrx_word' id='word_1_205' title='bbox 999 2247 1126 2304; x_wconf 88' lang='lat' dir='ltr'><strong>sanctae</strong></span> <span class='ocrx_word' id='word_1_206' title='bbox 1148 2238 1207 2304; x_wconf 89' lang='lat' dir='ltr'><strong>Dei</strong></span> <span class='ocrx_word' id='word_1_207' title='bbox 1227 2241 1396 2304; x_wconf 88' lang='lat' dir='ltr'><strong>aecclesiae</strong></span> <span class='ocrx_word' id='word_1_208' title='bbox 1416 2240 1578 2324; x_wconf 88' lang='lat' dir='ltr'><strong>pacificam</strong></span> <span class='ocrx_word' id='word_1_209' title='bbox 1598 2239 1811 2303; x_wconf 88' lang='lat' dir='ltr'><strong>concordiam.</strong></span> <span class='ocrx_word' id='word_1_210' title='bbox 1840 2258 1863 2294; x_wconf 73' lang='lat' dir='ltr'><strong>ro</strong></span> 
     </span>
    </p>

    <p class='ocr_par' dir='ltr' id='par_1_7' title="bbox 215 2340 1868 3652">
     <span class='ocr_line' id='line_1_21' title="bbox 318 2340 1829 2422; baseline -0.001 -16"><span class='ocrx_word' id='word_1_211' title='bbox 318 2344 365 2407; x_wconf 72' lang='lat'><strong>75.</strong></span> <span class='ocrx_word' id='word_1_212' title='bbox 406 2341 455 2405; x_wconf 87' lang='lat' dir='ltr'><strong>Dc</strong></span> <span class='ocrx_word' id='word_1_213' title='bbox 474 2341 618 2421; x_wconf 71' lang='lat' dir='ltr'><strong>operibus</strong></span> <span class='ocrx_word' id='word_1_214' title='bbox 646 2341 825 2417; x_wconf 71' lang='lat' dir='ltr'><strong>servilibus,</strong></span> <span class='ocrx_word' id='word_1_215' title='bbox 856 2361 938 2422; x_wconf 66' lang='lat' dir='ltr'><strong>qima</strong></span> <span class='ocrx_word' id='word_1_216' title='bbox 963 2341 1073 2405; x_wconf 81' lang='lat' dir='ltr'><strong>diebus</strong></span> <span class='ocrx_word' id='word_1_217' title='bbox 1091 2341 1257 2405; x_wconf 78' lang='lat' dir='ltr'><strong>dominicis</strong></span> <span class='ocrx_word' id='word_1_218' title='bbox 1276 2362 1340 2405; x_wconf 79' lang='lat' dir='ltr'><strong>non</strong></span> <span class='ocrx_word' id='word_1_219' title='bbox 1367 2346 1444 2404; x_wconf 71' lang='lat' dir='ltr'><strong>sucat</strong></span> <span class='ocrx_word' id='word_1_220' title='bbox 1468 2341 1601 2421; x_wconf 75' lang='lat' dir='ltr'><strong>apenda.</strong></span> <span class='ocrx_word' id='word_1_221' title='bbox 1650 2340 1829 2405; x_wconf 90' lang='lat' dir='ltr'><strong>Statuimus</strong></span> 
     </span>
     <span class='ocr_line' id='line_1_22' title="bbox 218 2443 1830 2529; baseline -0.001 -20"><span class='ocrx_word' id='word_1_222' title='bbox 218 2465 346 2529; x_wconf 86' lang='lat' dir='ltr'><strong>quoque</strong></span> <span class='ocrx_word' id='word_1_223' title='bbox 368 2444 543 2508; x_wconf 90' lang='lat' dir='ltr'><strong>secundum</strong></span> <span class='ocrx_word' id='word_1_224' title='bbox 564 2445 648 2528; x_wconf 90' lang='lat' dir='ltr'><strong>qnod</strong></span> <span class='ocrx_word' id='word_1_225' title='bbox 671 2446 704 2507; x_wconf 92' lang='lat' dir='ltr'><strong>in</strong></span> <span class='ocrx_word' id='word_1_226' title='bbox 726 2445 794 2527; x_wconf 86' lang='lat' dir='ltr'><strong>lege</strong></span> <span class='ocrx_word' id='word_1_227' title='bbox 815 2443 974 2509; x_wconf 86' lang='lat' dir='ltr'><strong>Dominus</strong></span> <span class='ocrx_word' id='word_1_228' title='bbox 992 2446 1164 2529; x_wconf 74' lang='lat' dir='ltr'><strong>praecepit,</strong></span> <span class='ocrx_word' id='word_1_229' title='bbox 1195 2451 1232 2509; x_wconf 94' lang='lat' dir='ltr'><strong>ut</strong></span> <span class='ocrx_word' id='word_1_230' title='bbox 1257 2465 1351 2529; x_wconf 90' lang='lat' dir='ltr'><strong>opera</strong></span> <span class='ocrx_word' id='word_1_231' title='bbox 1372 2445 1500 2510; x_wconf 86' lang='lat' dir='ltr'><strong>servilia</strong></span> <span class='ocrx_word' id='word_1_232' title='bbox 1524 2443 1639 2508; x_wconf 90' lang='lat' dir='ltr'><strong>diebus</strong></span> <span class='ocrx_word' id='word_1_233' title='bbox 1659 2443 1830 2508; x_wconf 86' lang='lat' dir='ltr'><strong>dominicis</strong></span> 
     </span>
     <span class='ocr_line' id='line_1_23' title="bbox 220 2545 1830 2631; baseline -0.001 -20"><span class='ocrx_word' id='word_1_234' title='bbox 220 2569 283 2611; x_wconf 87' lang='lat' dir='ltr'><strong>non</strong></span> <span class='ocrx_word' id='word_1_235' title='bbox 308 2555 455 2631; x_wconf 77' lang='lat' dir='ltr'><strong>agantur,</strong></span> <span class='ocrx_word' id='word_1_236' title='bbox 481 2549 563 2610; x_wconf 89' lang='lat' dir='ltr'><strong>sicut</strong></span> <span class='ocrx_word' id='word_1_237' title='bbox 587 2554 618 2610; x_wconf 91' lang='lat' dir='ltr'><strong>et</strong></span> <span class='ocrx_word' id='word_1_238' title='bbox 637 2546 739 2610; x_wconf 87' lang='lat' dir='ltr'><strong>bonae</strong></span> <span class='ocrx_word' id='word_1_239' title='bbox 758 2548 928 2610; x_wconf 82' lang='lat' dir='ltr'><strong>memmiae</strong></span> <span class='ocrx_word' id='word_1_240' title='bbox 949 2549 1074 2629; x_wconf 79' lang='lat' dir='ltr'><strong>genitor</strong></span> <span class='ocrx_word' id='word_1_241' title='bbox 1095 2567 1185 2611; x_wconf 89' lang='lat' dir='ltr'><strong>meus</strong></span> <span class='ocrx_word' id='word_1_242' title='bbox 1204 2549 1238 2611; x_wconf 92' lang='lat' dir='ltr'><strong>in</strong></span> <span class='ocrx_word' id='word_1_243' title='bbox 1260 2549 1328 2612; x_wconf 88' lang='lat' dir='ltr'><strong>suis</strong></span> <span class='ocrx_word' id='word_1_244' title='bbox 1349 2547 1546 2612; x_wconf 90' lang='lat' dir='ltr'><strong>sinodalibus</strong></span> <span class='ocrx_word' id='word_1_245' title='bbox 1566 2546 1680 2610; x_wconf 89' lang='lat' dir='ltr'><strong>edictis</strong></span> <span class='ocrx_word' id='word_1_246' title='bbox 1699 2545 1830 2610; x_wconf 87' lang='lat' dir='ltr'><strong>manda·</strong></span> 
     </span>
     <span class='ocr_line' id='line_1_24' title="bbox 218 2646 1830 2733; baseline 0 -23"><span class='ocrx_word' id='word_1_247' title='bbox 218 2651 278 2728; x_wconf 75' lang='lat' dir='ltr'><strong>rit,</strong></span> <span class='ocrx_word' id='word_1_248' title='bbox 309 2651 393 2733; x_wconf 92' lang='lat' dir='ltr'><strong>quod</strong></span> <span class='ocrx_word' id='word_1_249' title='bbox 415 2669 473 2714; x_wconf 89' lang='lat' dir='ltr'><strong>nec</strong></span> <span class='ocrx_word' id='word_1_250' title='bbox 494 2651 554 2712; x_wconf 83' lang='lat' dir='ltr'><strong>viri</strong></span> <span class='ocrx_word' id='word_1_251' title='bbox 576 2650 694 2712; x_wconf 88' lang='lat' dir='ltr'><strong>mralia</strong></span> <span class='ocrx_word' id='word_1_252' title='bbox 714 2656 883 2714; x_wconf 83' lang='lat' dir='ltr'><strong>exerceant</strong></span> <span class='ocrx_word' id='word_1_253' title='bbox 903 2651 1017 2714; x_wconf 91' lang='lat' dir='ltr'><strong>necin</strong></span> <span class='ocrx_word' id='word_1_254' title='bbox 1035 2652 1129 2714; x_wconf 89' lang='lat' dir='ltr'><strong>vinea</strong></span> <span class='ocrx_word' id='word_1_255' title='bbox 1150 2649 1281 2714; x_wconf 89' lang='lat' dir='ltr'><strong>colenda</strong></span> <span class='ocrx_word' id='word_1_256' title='bbox 1302 2669 1361 2713; x_wconf 90' lang='lat' dir='ltr'><strong>nec</strong></span> <span class='ocrx_word' id='word_1_257' title='bbox 1386 2652 1421 2714; x_wconf 93' lang='lat' dir='ltr'><strong>in</strong></span> <span class='ocrx_word' id='word_1_258' title='bbox 1441 2650 1561 2732; x_wconf 86' lang='lat' dir='ltr'><strong>campis</strong></span> <span class='ocrx_word' id='word_1_259' title='bbox 1578 2648 1699 2712; x_wconf 88' lang='lat' dir='ltr'><strong>arando</strong></span> <span class='ocrx_word' id='word_1_260' title='bbox 1719 2667 1778 2710; x_wconf 80' lang='lat' dir='ltr'><strong>nec</strong></span> <span class='ocrx_word' id='word_1_261' title='bbox 1795 2646 1830 2710; x_wconf 74' lang='lat' dir='ltr'><strong>ire</strong></span> 
     </span>
     <span class='ocr_line' id='line_1_25' title="bbox 219 2749 1868 2837; baseline -0.003 -23"><span class='ocrx_word' id='word_1_262' title='bbox 219 2751 364 2815; x_wconf 89' lang='lat' dir='ltr'><strong>metendo</strong></span> <span class='ocrx_word' id='word_1_263' title='bbox 385 2752 432 2814; x_wconf 83' lang='lat' dir='ltr'><strong>rel</strong></span> <span class='ocrx_word' id='word_1_264' title='bbox 462 2751 592 2815; x_wconf 88' lang='lat' dir='ltr'><strong>foenum</strong></span> <span class='ocrx_word' id='word_1_265' title='bbox 620 2752 755 2816; x_wconf 83' lang='lat' dir='ltr'><strong>secando</strong></span> <span class='ocrx_word' id='word_1_266' title='bbox 783 2752 833 2816; x_wconf 79' lang='lat' dir='ltr'><strong>vel</strong></span> <span class='ocrx_word' id='word_1_267' title='bbox 861 2771 967 2837; x_wconf 91' lang='lat' dir='ltr'><strong>sepem</strong></span> <span class='ocrx_word' id='word_1_268' title='bbox 996 2753 1141 2836; x_wconf 91' lang='lat' dir='ltr'><strong>ponendo</strong></span> <span class='ocrx_word' id='word_1_269' title='bbox 1169 2755 1285 2816; x_wconf 90' lang='lat' dir='ltr'><strong>necin</strong></span> <span class='ocrx_word' id='word_1_270' title='bbox 1316 2752 1406 2816; x_wconf 91' lang='lat' dir='ltr'><strong>silvis</strong></span> <span class='ocrx_word' id='word_1_271' title='bbox 1435 2750 1595 2836; x_wconf 90' lang='lat' dir='ltr'><strong>stirpando</strong></span> <span class='ocrx_word' id='word_1_272' title='bbox 1629 2750 1681 2814; x_wconf 83' lang='lat' dir='ltr'><strong>rel</strong></span> <span class='ocrx_word' id='word_1_273' title='bbox 1702 2749 1868 2815; x_wconf 66' lang='lat' dir='ltr'><strong>arboreae</strong></span> 
     </span>
     <span class='ocr_line' id='line_1_26' title="bbox 216 2851 1831 2937; baseline -0.001 -20"><span class='ocrx_word' id='word_1_274' title='bbox 216 2854 347 2918; x_wconf 86' lang='lat' dir='ltr'><strong>caedere</strong></span> <span class='ocrx_word' id='word_1_275' title='bbox 368 2853 418 2918; x_wconf 90' lang='lat' dir='ltr'><strong>vel</strong></span> <span class='ocrx_word' id='word_1_276' title='bbox 439 2855 473 2916; x_wconf 93' lang='lat' dir='ltr'><strong>in</strong></span> <span class='ocrx_word' id='word_1_277' title='bbox 495 2855 591 2937; x_wconf 87' lang='lat' dir='ltr'><strong>petris</strong></span> <span class='ocrx_word' id='word_1_278' title='bbox 611 2854 752 2918; x_wconf 90' lang='lat' dir='ltr'><strong>laborare</strong></span> <span class='ocrx_word' id='word_1_279' title='bbox 774 2874 832 2918; x_wconf 92' lang='lat' dir='ltr'><strong>nec</strong></span> <span class='ocrx_word' id='word_1_280' title='bbox 854 2854 964 2918; x_wconf 88' lang='lat' dir='ltr'><strong>domos</strong></span> <span class='ocrx_word' id='word_1_281' title='bbox 993 2861 1128 2932; x_wconf 83' lang='lat' dir='ltr'><strong>struere3</strong></span> <span class='ocrx_word' id='word_1_282' title='bbox 1156 2874 1215 2919; x_wconf 91' lang='lat' dir='ltr'><strong>nec</strong></span> <span class='ocrx_word' id='word_1_283' title='bbox 1243 2855 1274 2917; x_wconf 89' lang='lat' dir='ltr'><strong>in</strong></span> <span class='ocrx_word' id='word_1_284' title='bbox 1296 2855 1385 2918; x_wconf 89' lang='lat' dir='ltr'><strong>horto</strong></span> <span class='ocrx_word' id='word_1_285' title='bbox 1406 2852 1549 2917; x_wconf 92' lang='lat' dir='ltr'><strong>laborent</strong></span> <span class='ocrx_word' id='word_1_286' title='bbox 1574 2871 1634 2917; x_wconf 92' lang='lat' dir='ltr'><strong>nec</strong></span> <span class='ocrx_word' id='word_1_287' title='bbox 1653 2852 1696 2916; x_wconf 87' lang='lat' dir='ltr'><strong>ad</strong></span> <span class='ocrx_word' id='word_1_288' title='bbox 1715 2851 1831 2936; x_wconf 82' lang='lat' dir='ltr'><strong>placita</strong></span> 
     </span>
     <span class='ocr_line' id='line_1_27' title="bbox 215 2953 1831 3040; baseline -0.001 -21"><span class='ocrx_word' id='word_1_289' title='bbox 215 2957 409 3021; x_wconf 75' lang='lat' dir='ltr'><strong>conveniant</strong></span> <span class='ocrx_word' id='word_1_290' title='bbox 431 2976 488 3020; x_wconf 85' lang='lat' dir='ltr'><strong>nec</strong></span> <span class='ocrx_word' id='word_1_291' title='bbox 507 2958 690 3021; x_wconf 78' lang='lat' dir='ltr'><strong>venationes</strong></span> <span class='ocrx_word' id='word_1_292' title='bbox 709 2965 884 3021; x_wconf 81' lang='lat' dir='ltr'><strong>exerceant.</strong></span> <span class='ocrx_word' id='word_1_293' title='bbox 926 2957 1004 3021; x_wconf 64' lang='lat' dir='ltr'><strong>Sede</strong></span> <span class='ocrx_word' id='word_1_294' title='bbox 1025 2958 1084 3020; x_wconf 90' lang='lat' dir='ltr'><strong>tria</strong></span> <span class='ocrx_word' id='word_1_295' title='bbox 1101 2959 1236 3021; x_wconf 89' lang='lat' dir='ltr'><strong>carraria</strong></span> <span class='ocrx_word' id='word_1_296' title='bbox 1256 2975 1349 3040; x_wconf 90' lang='lat' dir='ltr'><strong>opera</strong></span> <span class='ocrx_word' id='word_1_297' title='bbox 1359 2956 1433 3020; x_wconf 86' lang='lat' dir='ltr'><strong>licet</strong></span> <span class='ocrx_word' id='word_1_298' title='bbox 1450 2955 1519 3020; x_wconf 88' lang='lat' dir='ltr'><strong>fieri</strong></span> <span class='ocrx_word' id='word_1_299' title='bbox 1534 2956 1568 3019; x_wconf 94' lang='lat' dir='ltr'><strong>in</strong></span> <span class='ocrx_word' id='word_1_300' title='bbox 1590 2953 1642 3019; x_wconf 90' lang='lat' dir='ltr'><strong>die</strong></span> <span class='ocrx_word' id='word_1_301' title='bbox 1661 2954 1831 3033; x_wconf 82' lang='lat' dir='ltr'><strong>dominico,</strong></span> 
     </span>
     <span class='ocr_line' id='line_1_28' title="bbox 218 3056 1829 3142; baseline -0.001 -20"><span class='ocrx_word' id='word_1_302' title='bbox 218 3060 249 3122; x_wconf 93' lang='lat' dir='ltr'><strong>id</strong></span> <span class='ocrx_word' id='word_1_303' title='bbox 278 3068 325 3122; x_wconf 89' lang='lat' dir='ltr'><strong>est</strong></span> <span class='ocrx_word' id='word_1_304' title='bbox 351 3058 477 3121; x_wconf 87' lang='lat' dir='ltr'><strong>hostilia</strong></span> <span class='ocrx_word' id='word_1_305' title='bbox 502 3079 590 3122; x_wconf 87' lang='lat' dir='ltr'><strong>carra</strong></span> <span class='ocrx_word' id='word_1_306' title='bbox 622 3060 671 3122; x_wconf 80' lang='lat' dir='ltr'><strong>rel</strong></span> <span class='ocrx_word' id='word_1_307' title='bbox 702 3060 850 3123; x_wconf 86' lang='lat' dir='ltr'><strong>victualia</strong></span> <span class='ocrx_word' id='word_1_308' title='bbox 878 3062 906 3122; x_wconf 72' lang='lat' dir='ltr'><strong>a</strong></span> <span class='ocrx_word' id='word_1_309' title='bbox 934 3062 961 3123; x_wconf 93' lang='lat' dir='ltr'><strong>si</strong></span> <span class='ocrx_word' id='word_1_310' title='bbox 995 3061 1073 3124; x_wconf 88' lang='lat' dir='ltr'><strong>forte</strong></span> <span class='ocrx_word' id='word_1_311' title='bbox 1100 3078 1228 3123; x_wconf 86' lang='lat' dir='ltr'><strong>necesse</strong></span> <span class='ocrx_word' id='word_1_312' title='bbox 1254 3060 1313 3123; x_wconf 91' lang='lat' dir='ltr'><strong>crit</strong></span> <span class='ocrx_word' id='word_1_313' title='bbox 1341 3077 1457 3142; x_wconf 90' lang='lat' dir='ltr'><strong>corpus</strong></span> <span class='ocrx_word' id='word_1_314' title='bbox 1483 3056 1656 3121; x_wconf 88' lang='lat' dir='ltr'><strong>cuiuslibet</strong></span> <span class='ocrx_word' id='word_1_315' title='bbox 1683 3056 1759 3121; x_wconf 90' lang='lat' dir='ltr'><strong>duci</strong></span> <span class='ocrx_word' id='word_1_316' title='bbox 1790 3056 1829 3121; x_wconf 88' lang='lat' dir='ltr'><strong>ad</strong></span> 
     </span>
     <span class='ocr_line' id='line_1_29' title="bbox 218 3160 1830 3245; baseline -0.001 -20"><span class='ocrx_word' id='word_1_317' title='bbox 218 3161 432 3245; x_wconf 88' lang='lat' dir='ltr'><strong>sepulchrum.</strong></span> <span class='ocrx_word' id='word_1_318' title='bbox 467 3160 547 3225; x_wconf 87' lang='lat' dir='ltr'><strong>Item</strong></span> <span class='ocrx_word' id='word_1_319' title='bbox 568 3161 705 3224; x_wconf 87' lang='lat' dir='ltr'><strong>feminae</strong></span> <span class='ocrx_word' id='word_1_320' title='bbox 724 3180 821 3245; x_wconf 91' lang='lat' dir='ltr'><strong>opera</strong></span> <span class='ocrx_word' id='word_1_321' title='bbox 847 3161 969 3224; x_wconf 84' lang='lat' dir='ltr'><strong>textilia</strong></span> <span class='ocrx_word' id='word_1_322' title='bbox 996 3181 1059 3225; x_wconf 92' lang='lat' dir='ltr'><strong>non</strong></span> <span class='ocrx_word' id='word_1_323' title='bbox 1090 3162 1206 3224; x_wconf 88' lang='lat' dir='ltr'><strong>faciant</strong></span> <span class='ocrx_word' id='word_1_324' title='bbox 1234 3179 1293 3224; x_wconf 89' lang='lat' dir='ltr'><strong>nec</strong></span> <span class='ocrx_word' id='word_1_325' title='bbox 1321 3160 1470 3244; x_wconf 92' lang='lat' dir='ltr'><strong>capulent</strong></span> <span class='ocrx_word' id='word_1_326' title='bbox 1495 3161 1642 3237; x_wconf 81' lang='lat' dir='ltr'><strong>restitns,</strong></span> <span class='ocrx_word' id='word_1_327' title='bbox 1669 3178 1730 3223; x_wconf 90' lang='lat' dir='ltr'><strong>nec</strong></span> <span class='ocrx_word' id='word_1_328' title='bbox 1753 3178 1830 3223; x_wconf 88' lang='lat' dir='ltr'><strong>con·</strong></span> 
     </span>
     <span class='ocr_line' id='line_1_30' title="bbox 218 3260 1866 3347; baseline -0.004 -21"><span class='ocrx_word' id='word_1_329' title='bbox 218 3273 313 3327; x_wconf 88' lang='lat' dir='ltr'><strong>suant</strong></span> <span class='ocrx_word' id='word_1_330' title='bbox 336 3263 386 3326; x_wconf 80' lang='lat' dir='ltr'><strong>vel</strong></span> <span class='ocrx_word' id='word_1_331' title='bbox 407 3261 592 3347; x_wconf 74' lang='lat' dir='ltr'><strong>arcirpietile‘l</strong></span> <span class='ocrx_word' id='word_1_332' title='bbox 613 3263 761 3342; x_wconf 83' lang='lat' dir='ltr'><strong>faciant‚‘¹</strong></span> <span class='ocrx_word' id='word_1_333' title='bbox 783 3282 842 3326; x_wconf 88' lang='lat' dir='ltr'><strong>nec</strong></span> <span class='ocrx_word' id='word_1_334' title='bbox 863 3263 967 3327; x_wconf 87' lang='lat' dir='ltr'><strong>lanam</strong></span> <span class='ocrx_word' id='word_1_335' title='bbox 980 3282 1107 3347; x_wconf 92' lang='lat' dir='ltr'><strong>carpere</strong></span> <span class='ocrx_word' id='word_1_336' title='bbox 1120 3282 1178 3326; x_wconf 88' lang='lat' dir='ltr'><strong>nec</strong></span> <span class='ocrx_word' id='word_1_337' title='bbox 1197 3262 1300 3327; x_wconf 90' lang='lat' dir='ltr'><strong>linum</strong></span> <span class='ocrx_word' id='word_1_338' title='bbox 1311 3262 1431 3326; x_wconf 85' lang='lat' dir='ltr'><strong>battere</strong></span> <span class='ocrx_word' id='word_1_339' title='bbox 1449 3281 1508 3325; x_wconf 91' lang='lat' dir='ltr'><strong>nec</strong></span> <span class='ocrx_word' id='word_1_340' title='bbox 1529 3262 1563 3325; x_wconf 93' lang='lat' dir='ltr'><strong>in</strong></span> <span class='ocrx_word' id='word_1_341' title='bbox 1584 3260 1714 3345; x_wconf 88' lang='lat' dir='ltr'><strong>publico</strong></span> <span class='ocrx_word' id='word_1_342' title='bbox 1735 3262 1866 3326; x_wconf 74' lang='lat' dir='ltr'><strong>resti-u</strong></span> 
     </span>
     <span class='ocr_line' id='line_1_31' title="bbox 219 3363 1831 3448; baseline 0 -20"><span class='ocrx_word' id='word_1_343' title='bbox 219 3372 325 3430; x_wconf 78' lang='lat' dir='ltr'><strong>niente</strong></span> <span class='ocrx_word' id='word_1_344' title='bbox 347 3366 452 3430; x_wconf 78' lang='lat' dir='ltr'><strong>lavare</strong></span> <span class='ocrx_word' id='word_1_345' title='bbox 474 3386 530 3430; x_wconf 86' lang='lat' dir='ltr'><strong>uec</strong></span> <span class='ocrx_word' id='word_1_346' title='bbox 550 3366 692 3430; x_wconf 88' lang='lat' dir='ltr'><strong>berbices</strong></span> <span class='ocrx_word' id='word_1_347' title='bbox 713 3366 842 3429; x_wconf 88' lang='lat' dir='ltr'><strong>tondere</strong></span> <span class='ocrx_word' id='word_1_348' title='bbox 864 3365 999 3429; x_wconf 91' lang='lat' dir='ltr'><strong>habeant</strong></span> <span class='ocrx_word' id='word_1_349' title='bbox 1019 3365 1159 3442; x_wconf 80' lang='lat' dir='ltr'><strong>licitum3</strong></span> <span class='ocrx_word' id='word_1_350' title='bbox 1188 3373 1225 3428; x_wconf 91' lang='lat' dir='ltr'><strong>ut</strong></span> <span class='ocrx_word' id='word_1_351' title='bbox 1250 3365 1441 3429; x_wconf 88' lang='lat' dir='ltr'><strong>omnimodis</strong></span> <span class='ocrx_word' id='word_1_352' title='bbox 1459 3363 1608 3427; x_wconf 74' lang='lat' dir='ltr'><strong>bonnam</strong></span> <span class='ocrx_word' id='word_1_353' title='bbox 1627 3365 1758 3448; x_wconf 87' lang='lat' dir='ltr'><strong>requies</strong></span> <span class='ocrx_word' id='word_1_354' title='bbox 1779 3364 1831 3428; x_wconf 90' lang='lat' dir='ltr'><strong>die</strong></span> 
     </span>
     <span class='ocr_line' id='line_1_32' title="bbox 217 3465 1831 3550; baseline 0.001 -21"><span class='ocrx_word' id='word_1_355' title='bbox 217 3467 376 3531; x_wconf 92' lang='lat' dir='ltr'><strong>dominico</strong></span> <span class='ocrx_word' id='word_1_356' title='bbox 393 3465 600 3547; x_wconf 65' lang='lat' dir='ltr'><strong>persolvatur.</strong></span> <span class='ocrx_word' id='word_1_357' title='bbox 644 3467 703 3532; x_wconf 85' lang='lat' dir='ltr'><strong>Sed</strong></span> <span class='ocrx_word' id='word_1_358' title='bbox 725 3467 763 3530; x_wconf 88' lang='lat' dir='ltr'><strong>ad</strong></span> <span class='ocrx_word' id='word_1_359' title='bbox 786 3469 955 3531; x_wconf 89' lang='lat' dir='ltr'><strong>missarum</strong></span> <span class='ocrx_word' id='word_1_360' title='bbox 978 3467 1143 3531; x_wconf 88' lang='lat' dir='ltr'><strong>sollemnia</strong></span> <span class='ocrx_word' id='word_1_361' title='bbox 1171 3467 1210 3531; x_wconf 87' lang='lat' dir='ltr'><strong>ad</strong></span> <span class='ocrx_word' id='word_1_362' title='bbox 1231 3467 1395 3531; x_wconf 91' lang='lat' dir='ltr'><strong>ecclesiam</strong></span> <span class='ocrx_word' id='word_1_363' title='bbox 1424 3466 1568 3550; x_wconf 89' lang='lat' dir='ltr'><strong>undique</strong></span> <span class='ocrx_word' id='word_1_364' title='bbox 1585 3467 1780 3530; x_wconf 84' lang='lat' dir='ltr'><strong>conveniant</strong></span> <span class='ocrx_word' id='word_1_365' title='bbox 1800 3472 1831 3530; x_wconf 87' lang='lat' dir='ltr'><strong>et</strong></span> 
     </span>
     <span class='ocr_line' id='line_1_33' title="bbox 220 3568 1348 3652; baseline 0 -20"><span class='ocrx_word' id='word_1_366' title='bbox 220 3569 349 3633; x_wconf 88' lang='lat' dir='ltr'><strong>laudent</strong></span> <span class='ocrx_word' id='word_1_367' title='bbox 369 3568 474 3634; x_wconf 86' lang='lat' dir='ltr'><strong>Deum</strong></span> <span class='ocrx_word' id='word_1_368' title='bbox 495 3590 551 3652; x_wconf 91' lang='lat' dir='ltr'><strong>pro</strong></span> <span class='ocrx_word' id='word_1_369' title='bbox 572 3568 722 3633; x_wconf 92' lang='lat' dir='ltr'><strong>omnibus</strong></span> <span class='ocrx_word' id='word_1_370' title='bbox 741 3569 835 3632; x_wconf 89' lang='lat' dir='ltr'><strong>bonis</strong></span> <span class='ocrx_word' id='word_1_371' title='bbox 856 3589 938 3652; x_wconf 85' lang='lat' dir='ltr'><strong>quae</strong></span> <span class='ocrx_word' id='word_1_372' title='bbox 958 3569 1050 3633; x_wconf 91' lang='lat' dir='ltr'><strong>nobis</strong></span> <span class='ocrx_word' id='word_1_373' title='bbox 1070 3571 1104 3633; x_wconf 91' lang='lat' dir='ltr'><strong>in</strong></span> <span class='ocrx_word' id='word_1_374' title='bbox 1125 3569 1179 3632; x_wconf 90' lang='lat' dir='ltr'><strong>illa</strong></span> <span class='ocrx_word' id='word_1_375' title='bbox 1198 3569 1248 3634; x_wconf 90' lang='lat' dir='ltr'><strong>die</strong></span> <span class='ocrx_word' id='word_1_376' title='bbox 1268 3570 1348 3633; x_wconf 84' lang='lat' dir='ltr'><strong>fecit</strong></span> 
     </span>
    </p>

    <p class='ocr_par' dir='ltr' id='par_1_8' title="bbox 217 3670 1864 4369">
     <span class='ocr_line' id='line_1_34' title="bbox 320 3670 1831 3753; baseline -0.001 -16"><span class='ocrx_word' id='word_1_377' title='bbox 320 3675 368 3738; x_wconf 74' lang='lat' dir='ltr'><strong>lli.</strong></span> <span class='ocrx_word' id='word_1_378' title='bbox 411 3671 459 3735; x_wconf 90' lang='lat' dir='ltr'><strong>De</strong></span> <span class='ocrx_word' id='word_1_379' title='bbox 475 3670 712 3751; x_wconf 77' lang='lat' dir='ltr'><strong>praedicatione</strong></span> <span class='ocrx_word' id='word_1_380' title='bbox 733 3671 867 3752; x_wconf 66' lang='lat' dir='ltr'><strong>eliiscopi</strong></span> <span class='ocrx_word' id='word_1_381' title='bbox 896 3671 943 3734; x_wconf 78' lang='lat' dir='ltr'><strong>sel</strong></span> <span class='ocrx_word' id='word_1_382' title='bbox 965 3672 1222 3753; x_wconf 70' lang='lat' dir='ltr'><strong>presbyterorum.</strong></span> <span class='ocrx_word' id='word_1_383' title='bbox 1262 3672 1324 3737; x_wconf 87' lang='lat' dir='ltr'><strong>Sed</strong></span> <span class='ocrx_word' id='word_1_384' title='bbox 1350 3678 1381 3735; x_wconf 91' lang='lat' dir='ltr'><strong>et</strong></span> <span class='ocrx_word' id='word_1_385' title='bbox 1406 3677 1548 3735; x_wconf 84' lang='lat' dir='ltr'><strong>vestrum</strong></span> <span class='ocrx_word' id='word_1_386' title='bbox 1576 3670 1752 3735; x_wconf 85' lang='lat' dir='ltr'><strong>videndum</strong></span> <span class='ocrx_word' id='word_1_387' title='bbox 1774 3677 1831 3747; x_wconf 80' lang='lat' dir='ltr'><strong>est,</strong></span> 
     </span>
     <span class='ocr_line' id='line_1_35' title="bbox 217 3772 1864 3858; baseline -0.004 -20"><span class='ocrx_word' id='word_1_388' title='bbox 217 3775 414 3839; x_wconf 86' lang='lat' dir='ltr'><strong>dilectissimi</strong></span> <span class='ocrx_word' id='word_1_389' title='bbox 438 3785 468 3838; x_wconf 88' lang='lat' dir='ltr'><strong>et</strong></span> <span class='ocrx_word' id='word_1_390' title='bbox 489 3774 687 3839; x_wconf 82' lang='lat' dir='ltr'><strong>venerabiles</strong></span> <span class='ocrx_word' id='word_1_391' title='bbox 707 3781 847 3858; x_wconf 89' lang='lat' dir='ltr'><strong>pastores</strong></span> <span class='ocrx_word' id='word_1_392' title='bbox 868 3782 899 3838; x_wconf 90' lang='lat' dir='ltr'><strong>et</strong></span> <span class='ocrx_word' id='word_1_393' title='bbox 920 3782 1055 3839; x_wconf 91' lang='lat' dir='ltr'><strong>rectores</strong></span> <span class='ocrx_word' id='word_1_394' title='bbox 1084 3775 1289 3839; x_wconf 89' lang='lat' dir='ltr'><strong>ecclesiarum</strong></span> <span class='ocrx_word' id='word_1_395' title='bbox 1308 3773 1383 3852; x_wconf 85' lang='lat' dir='ltr'><strong>Dei,</strong></span> <span class='ocrx_word' id='word_1_396' title='bbox 1409 3784 1446 3837; x_wconf 88' lang='lat' dir='ltr'><strong>nt</strong></span> <span class='ocrx_word' id='word_1_397' title='bbox 1465 3772 1629 3857; x_wconf 88' lang='lat' dir='ltr'><strong>presbiteri</strong></span> <span class='ocrx_word' id='word_1_398' title='bbox 1653 3792 1738 3856; x_wconf 87' lang='lat' dir='ltr'><strong>quos</strong></span> <span class='ocrx_word' id='word_1_399' title='bbox 1757 3774 1864 3837; x_wconf 79' lang='lat' dir='ltr'><strong>mit-rs</strong></span> 
     </span>
     <span class='ocr_line' id='line_1_36' title="bbox 218 3873 1829 3962; baseline -0.001 -21"><span class='ocrx_word' id='word_1_400' title='bbox 218 3879 284 3941; x_wconf 90' lang='lat' dir='ltr'><strong>titis</strong></span> <span class='ocrx_word' id='word_1_401' title='bbox 304 3897 361 3960; x_wconf 86' lang='lat' dir='ltr'><strong>per</strong></span> <span class='ocrx_word' id='word_1_402' title='bbox 381 3877 559 3960; x_wconf 90' lang='lat' dir='ltr'><strong>parrochias</strong></span> <span class='ocrx_word' id='word_1_403' title='bbox 586 3884 707 3940; x_wconf 82' lang='lat' dir='ltr'><strong>vestras</strong></span> <span class='ocrx_word' id='word_1_404' title='bbox 733 3877 772 3940; x_wconf 88' lang='lat' dir='ltr'><strong>ad</strong></span> <span class='ocrx_word' id='word_1_405' title='bbox 798 3876 972 3958; x_wconf 71' lang='lat' dir='ltr'><strong>regendum</strong></span> <span class='ocrx_word' id='word_1_406' title='bbox 1000 3885 1032 3941; x_wconf 93' lang='lat' dir='ltr'><strong>et</strong></span> <span class='ocrx_word' id='word_1_407' title='bbox 1060 3878 1305 3962; x_wconf 88' lang='lat' dir='ltr'><strong>praedicandum</strong></span> <span class='ocrx_word' id='word_1_408' title='bbox 1330 3896 1387 3960; x_wconf 90' lang='lat' dir='ltr'><strong>per</strong></span> <span class='ocrx_word' id='word_1_409' title='bbox 1412 3876 1560 3940; x_wconf 88' lang='lat' dir='ltr'><strong>ecclesias</strong></span> <span class='ocrx_word' id='word_1_410' title='bbox 1583 3874 1741 3959; x_wconf 88' lang='lat' dir='ltr'><strong>populum</strong></span> <span class='ocrx_word' id='word_1_411' title='bbox 1762 3873 1829 3939; x_wconf 88' lang='lat' dir='ltr'><strong>Deo</strong></span> 
     </span>
     <span class='ocr_line' id='line_1_37' title="bbox 218 3977 1829 4062; baseline -0.001 -20"><span class='ocrx_word' id='word_1_412' title='bbox 218 3981 426 4055; x_wconf 81' lang='lat' dir='ltr'><strong>servientem,</strong></span> <span class='ocrx_word' id='word_1_413' title='bbox 453 3988 489 4042; x_wconf 92' lang='lat' dir='ltr'><strong>ut</strong></span> <span class='ocrx_word' id='word_1_414' title='bbox 509 3987 592 4042; x_wconf 88' lang='lat' dir='ltr'><strong>recte</strong></span> <span class='ocrx_word' id='word_1_415' title='bbox 612 3985 643 4043; x_wconf 89' lang='lat' dir='ltr'><strong>et</strong></span> <span class='ocrx_word' id='word_1_416' title='bbox 662 3979 793 4043; x_wconf 82' lang='lat' dir='ltr'><strong>honeste</strong></span> <span class='ocrx_word' id='word_1_417' title='bbox 813 3979 1010 4062; x_wconf 82' lang='lat' dir='ltr'><strong>praedicent3</strong></span> <span class='ocrx_word' id='word_1_418' title='bbox 1040 3987 1071 4043; x_wconf 93' lang='lat' dir='ltr'><strong>et</strong></span> <span class='ocrx_word' id='word_1_419' title='bbox 1092 4000 1155 4044; x_wconf 92' lang='lat' dir='ltr'><strong>non</strong></span> <span class='ocrx_word' id='word_1_420' title='bbox 1183 3980 1294 4043; x_wconf 91' lang='lat' dir='ltr'><strong>sinatis</strong></span> <span class='ocrx_word' id='word_1_421' title='bbox 1319 3999 1402 4043; x_wconf 83' lang='lat' dir='ltr'><strong>nova</strong></span> <span class='ocrx_word' id='word_1_422' title='bbox 1430 3978 1481 4042; x_wconf 89' lang='lat' dir='ltr'><strong>vel</strong></span> <span class='ocrx_word' id='word_1_423' title='bbox 1507 3997 1574 4042; x_wconf 89' lang='lat' dir='ltr'><strong>non</strong></span> <span class='ocrx_word' id='word_1_424' title='bbox 1599 3978 1756 4041; x_wconf 88' lang='lat' dir='ltr'><strong>canonica</strong></span> <span class='ocrx_word' id='word_1_425' title='bbox 1774 3977 1829 4041; x_wconf 86' lang='lat' dir='ltr'><strong>ali·</strong></span> 
     </span>
     <span class='ocr_line' id='line_1_38' title="bbox 219 4079 1829 4166; baseline 0 -21"><span class='ocrx_word' id='word_1_426' title='bbox 219 4101 300 4164; x_wconf 89' lang='lat' dir='ltr'><strong>quos</strong></span> <span class='ocrx_word' id='word_1_427' title='bbox 321 4100 361 4144; x_wconf 85' lang='lat' dir='ltr'><strong>cx</strong></span> <span class='ocrx_word' id='word_1_428' title='bbox 379 4102 436 4143; x_wconf 85' lang='lat' dir='ltr'><strong>suo</strong></span> <span class='ocrx_word' id='word_1_429' title='bbox 459 4101 556 4145; x_wconf 86' lang='lat' dir='ltr'><strong>sensu</strong></span> <span class='ocrx_word' id='word_1_430' title='bbox 574 4093 605 4146; x_wconf 84' lang='lat' dir='ltr'><strong>et</strong></span> <span class='ocrx_word' id='word_1_431' title='bbox 627 4101 691 4144; x_wconf 90' lang='lat' dir='ltr'><strong>non</strong></span> <span class='ocrx_word' id='word_1_432' title='bbox 707 4081 884 4145; x_wconf 87' lang='lat' dir='ltr'><strong>secundum</strong></span> <span class='ocrx_word' id='word_1_433' title='bbox 898 4082 1070 4166; x_wconf 78' lang='lat' dir='ltr'><strong>scriptume</strong></span> <span class='ocrx_word' id='word_1_434' title='bbox 1087 4101 1191 4145; x_wconf 89' lang='lat' dir='ltr'><strong>sacras</strong></span> <span class='ocrx_word' id='word_1_435' title='bbox 1210 4081 1330 4165; x_wconf 85' lang='lat' dir='ltr'><strong>fingere</strong></span> <span class='ocrx_word' id='word_1_436' title='bbox 1349 4088 1381 4145; x_wconf 91' lang='lat' dir='ltr'><strong>et</strong></span> <span class='ocrx_word' id='word_1_437' title='bbox 1400 4081 1580 4165; x_wconf 89' lang='lat' dir='ltr'><strong>praedicare</strong></span> <span class='ocrx_word' id='word_1_438' title='bbox 1600 4080 1729 4165; x_wconf 84' lang='lat' dir='ltr'><strong>populo.</strong></span> <span class='ocrx_word' id='word_1_439' title='bbox 1767 4079 1829 4145; x_wconf 85' lang='lat' dir='ltr'><strong>Sed</strong></span> 
     </span>
     <span class='ocr_line' id='line_1_39' title="bbox 218 4182 1829 4267; baseline 0 -20"><span class='ocrx_word' id='word_1_440' title='bbox 218 4194 249 4247; x_wconf 86' lang='lat' dir='ltr'><strong>ct</strong></span> <span class='ocrx_word' id='word_1_441' title='bbox 270 4185 452 4266; x_wconf 81' lang='lat' dir='ltr'><strong>vosmetipsi</strong></span> <span class='ocrx_word' id='word_1_442' title='bbox 474 4183 562 4246; x_wconf 83' lang='lat' dir='ltr'><strong>utilia</strong></span> <span class='ocrx_word' id='word_1_443' title='bbox 583 4182 706 4245; x_wconf 71' lang='lat' dir='ltr'><strong>leonaste</strong></span> <span class='ocrx_word' id='word_1_444' title='bbox 726 4185 754 4244; x_wconf 85' lang='lat' dir='ltr'><strong>ct</strong></span> <span class='ocrx_word' id='word_1_445' title='bbox 773 4185 860 4257; x_wconf 84' lang='lat' dir='ltr'><strong>recte,</strong></span> <span class='ocrx_word' id='word_1_446' title='bbox 883 4190 914 4247; x_wconf 86' lang='lat' dir='ltr'><strong>ct</strong></span> <span class='ocrx_word' id='word_1_447' title='bbox 936 4203 1017 4266; x_wconf 89' lang='lat' dir='ltr'><strong>quae</strong></span> <span class='ocrx_word' id='word_1_448' title='bbox 1038 4184 1077 4247; x_wconf 89' lang='lat' dir='ltr'><strong>ad</strong></span> <span class='ocrx_word' id='word_1_449' title='bbox 1098 4185 1196 4247; x_wconf 85' lang='lat' dir='ltr'><strong>vitam</strong></span> <span class='ocrx_word' id='word_1_450' title='bbox 1215 4184 1340 4248; x_wconf 90' lang='lat' dir='ltr'><strong>ducunt</strong></span> <span class='ocrx_word' id='word_1_451' title='bbox 1359 4190 1518 4248; x_wconf 89' lang='lat' dir='ltr'><strong>aeternam</strong></span> <span class='ocrx_word' id='word_1_452' title='bbox 1539 4182 1719 4267; x_wconf 84' lang='lat' dir='ltr'><strong>praedicata</strong></span> <span class='ocrx_word' id='word_1_453' title='bbox 1737 4183 1829 4247; x_wconf 88' lang='lat' dir='ltr'><strong>alios·</strong></span> 
     </span>
     <span class='ocr_line' id='line_1_40' title="bbox 218 4285 1864 4369; baseline -0.003 -22"><span class='ocrx_word' id='word_1_454' title='bbox 218 4305 282 4369; x_wconf 83' lang='lat' dir='ltr'><strong>que</strong></span> <span class='ocrx_word' id='word_1_455' title='bbox 303 4287 464 4365; x_wconf 82' lang='lat' dir='ltr'><strong>instruite,</strong></span> <span class='ocrx_word' id='word_1_456' title='bbox 485 4297 520 4349; x_wconf 85' lang='lat' dir='ltr'><strong>nt</strong></span> <span class='ocrx_word' id='word_1_457' title='bbox 542 4286 619 4349; x_wconf 89' lang='lat' dir='ltr'><strong>haec</strong></span> <span class='ocrx_word' id='word_1_458' title='bbox 637 4287 747 4350; x_wconf 90' lang='lat' dir='ltr'><strong>eadem</strong></span> <span class='ocrx_word' id='word_1_459' title='bbox 768 4285 956 4369; x_wconf 86' lang='lat' dir='ltr'><strong>praedicent</strong></span> <span class='ocrx_word' id='word_1_460' title='bbox 1838 4302 1864 4342; x_wconf 78' lang='lat' dir='ltr'><strong>n</strong></span> 
     </span>
    </p>

    <p class='ocr_par' dir='ltr' id='par_1_9' title="bbox 218 4386 1829 4779">
     <span class='ocr_line' id='line_1_41' title="bbox 319 4386 1828 4471; baseline 0.002 -20"><span class='ocrx_word' id='word_1_461' title='bbox 319 4387 427 4451; x_wconf 89' lang='lat' dir='ltr'><strong>Primo</strong></span> <span class='ocrx_word' id='word_1_462' title='bbox 466 4390 611 4451; x_wconf 91' lang='lat' dir='ltr'><strong>omnium</strong></span> <span class='ocrx_word' id='word_1_463' title='bbox 645 4387 890 4471; x_wconf 89' lang='lat' dir='ltr'><strong>praedicandum</strong></span> <span class='ocrx_word' id='word_1_464' title='bbox 924 4398 972 4451; x_wconf 87' lang='lat' dir='ltr'><strong>est</strong></span> <span class='ocrx_word' id='word_1_465' title='bbox 1007 4387 1157 4450; x_wconf 91' lang='lat' dir='ltr'><strong>omnibus</strong></span> <span class='ocrx_word' id='word_1_466' title='bbox 1182 4386 1383 4470; x_wconf 74' lang='lat' dir='ltr'><strong>generaliter,</strong></span> <span class='ocrx_word' id='word_1_467' title='bbox 1420 4396 1454 4452; x_wconf 90' lang='lat' dir='ltr'><strong>nt</strong></span> <span class='ocrx_word' id='word_1_468' title='bbox 1483 4388 1612 4452; x_wconf 88' lang='lat' dir='ltr'><strong>credant</strong></span> <span class='ocrx_word' id='word_1_469' title='bbox 1643 4387 1774 4454; x_wconf 88' lang='lat' dir='ltr'><strong>Patrem</strong></span> <span class='ocrx_word' id='word_1_470' title='bbox 1798 4396 1828 4453; x_wconf 85' lang='lat' dir='ltr'><strong>et</strong></span> 
     </span>
     <span class='ocr_line' id='line_1_42' title="bbox 218 4486 1829 4573; baseline 0.001 -20"><span class='ocrx_word' id='word_1_471' title='bbox 218 4489 335 4553; x_wconf 84' lang='lat' dir='ltr'><strong>Filium</strong></span> <span class='ocrx_word' id='word_1_472' title='bbox 362 4496 394 4553; x_wconf 91' lang='lat' dir='ltr'><strong>et</strong></span> <span class='ocrx_word' id='word_1_473' title='bbox 416 4488 568 4572; x_wconf 88' lang='lat' dir='ltr'><strong>Spiritum</strong></span> <span class='ocrx_word' id='word_1_474' title='bbox 599 4498 744 4553; x_wconf 89' lang='lat' dir='ltr'><strong>sanctum</strong></span> <span class='ocrx_word' id='word_1_475' title='bbox 773 4509 876 4553; x_wconf 91' lang='lat' dir='ltr'><strong>unum</strong></span> <span class='ocrx_word' id='word_1_476' title='bbox 906 4508 976 4553; x_wconf 90' lang='lat' dir='ltr'><strong>esse</strong></span> <span class='ocrx_word' id='word_1_477' title='bbox 1002 4486 1107 4552; x_wconf 91' lang='lat' dir='ltr'><strong>Deum</strong></span> <span class='ocrx_word' id='word_1_478' title='bbox 1134 4490 1397 4573; x_wconf 82' lang='lat' dir='ltr'><strong>omnipotentem,</strong></span> <span class='ocrx_word' id='word_1_479' title='bbox 1422 4498 1601 4567; x_wconf 78' lang='lat' dir='ltr'><strong>aeternum,</strong></span> <span class='ocrx_word' id='word_1_480' title='bbox 1626 4490 1829 4565; x_wconf 81' lang='lat' dir='ltr'><strong>invisibilem,</strong></span> 
     </span>
     <span class='ocr_line' id='line_1_43' title="bbox 218 4591 1827 4675; baseline 0.002 -20"><span class='ocrx_word' id='word_1_481' title='bbox 218 4593 275 4675; x_wconf 86' lang='lat' dir='ltr'><strong>qni</strong></span> <span class='ocrx_word' id='word_1_482' title='bbox 296 4593 414 4656; x_wconf 78' lang='lat' dir='ltr'><strong>crearit</strong></span> <span class='ocrx_word' id='word_1_483' title='bbox 435 4591 558 4655; x_wconf 90' lang='lat' dir='ltr'><strong>coelum</strong></span> <span class='ocrx_word' id='word_1_484' title='bbox 580 4598 611 4655; x_wconf 88' lang='lat' dir='ltr'><strong>et</strong></span> <span class='ocrx_word' id='word_1_485' title='bbox 633 4602 764 4670; x_wconf 83' lang='lat' dir='ltr'><strong>terram,</strong></span> <span class='ocrx_word' id='word_1_486' title='bbox 793 4611 881 4656; x_wconf 90' lang='lat' dir='ltr'><strong>mara</strong></span> <span class='ocrx_word' id='word_1_487' title='bbox 900 4599 931 4656; x_wconf 90' lang='lat' dir='ltr'><strong>et</strong></span> <span class='ocrx_word' id='word_1_488' title='bbox 952 4594 1059 4655; x_wconf 90' lang='lat' dir='ltr'><strong>omnia</strong></span> <span class='ocrx_word' id='word_1_489' title='bbox 1081 4593 1217 4675; x_wconf 90' lang='lat' dir='ltr'><strong>quaein</strong></span> <span class='ocrx_word' id='word_1_490' title='bbox 1239 4595 1285 4656; x_wconf 93' lang='lat' dir='ltr'><strong>eis</strong></span> <span class='ocrx_word' id='word_1_491' title='bbox 1304 4599 1394 4672; x_wconf 81' lang='lat' dir='ltr'><strong>sunt,</strong></span> <span class='ocrx_word' id='word_1_492' title='bbox 1420 4602 1452 4656; x_wconf 89' lang='lat' dir='ltr'><strong>ct</strong></span> <span class='ocrx_word' id='word_1_493' title='bbox 1472 4612 1570 4656; x_wconf 90' lang='lat' dir='ltr'><strong>unam</strong></span> <span class='ocrx_word' id='word_1_494' title='bbox 1590 4612 1662 4658; x_wconf 88' lang='lat' dir='ltr'><strong>esse</strong></span> <span class='ocrx_word' id='word_1_495' title='bbox 1679 4594 1827 4658; x_wconf 78' lang='lat' dir='ltr'><strong>deitatem</strong></span> 
     </span>
     <span class='ocr_line' id='line_1_44' title="bbox 219 4693 1695 4779; baseline 0.003 -22"><span class='ocrx_word' id='word_1_496' title='bbox 219 4705 250 4757; x_wconf 84' lang='lat' dir='ltr'><strong>et</strong></span> <span class='ocrx_word' id='word_1_497' title='bbox 270 4693 480 4757; x_wconf 87' lang='lat' dir='ltr'><strong>substantiam</strong></span> <span class='ocrx_word' id='word_1_498' title='bbox 504 4699 534 4757; x_wconf 89' lang='lat' dir='ltr'><strong>et</strong></span> <span class='ocrx_word' id='word_1_499' title='bbox 557 4695 751 4757; x_wconf 89' lang='lat' dir='ltr'><strong>maiestatem</strong></span> <span class='ocrx_word' id='word_1_500' title='bbox 771 4695 805 4756; x_wconf 91' lang='lat' dir='ltr'><strong>in</strong></span> <span class='ocrx_word' id='word_1_501' title='bbox 825 4693 927 4758; x_wconf 88' lang='lat' dir='ltr'><strong>tribus</strong></span> <span class='ocrx_word' id='word_1_502' title='bbox 945 4695 1088 4779; x_wconf 92' lang='lat' dir='ltr'><strong>personis</strong></span> <span class='ocrx_word' id='word_1_503' title='bbox 1108 4693 1211 4757; x_wconf 86' lang='lat' dir='ltr'><strong>Patris</strong></span> <span class='ocrx_word' id='word_1_504' title='bbox 1231 4704 1264 4758; x_wconf 90' lang='lat' dir='ltr'><strong>et</strong></span> <span class='ocrx_word' id='word_1_505' title='bbox 1282 4693 1353 4758; x_wconf 81' lang='lat' dir='ltr'><strong>Filii</strong></span> <span class='ocrx_word' id='word_1_506' title='bbox 1375 4701 1406 4759; x_wconf 94' lang='lat' dir='ltr'><strong>et</strong></span> <span class='ocrx_word' id='word_1_507' title='bbox 1426 4695 1564 4778; x_wconf 82' lang='lat' dir='ltr'><strong>Spiritus</strong></span> <span class='ocrx_word' id='word_1_508' title='bbox 1584 4698 1695 4761; x_wconf 73' lang='lat' dir='ltr'><strong>sancti</strong></span> 
     </span>
    </p>

    <p class='ocr_par' dir='ltr' id='par_1_10' title="bbox 219 4794 1861 5192">
     <span class='ocr_line' id='line_1_45' title="bbox 320 4794 1861 4882; baseline 0.002 -24"><span class='ocrx_word' id='word_1_509' title='bbox 320 4795 400 4860; x_wconf 88' lang='lat' dir='ltr'><strong>Item</strong></span> <span class='ocrx_word' id='word_1_510' title='bbox 421 4796 668 4879; x_wconf 83' lang='lat' dir='ltr'><strong>praedicandum</strong></span> <span class='ocrx_word' id='word_1_511' title='bbox 695 4803 757 4875; x_wconf 84' lang='lat' dir='ltr'><strong>est,</strong></span> <span class='ocrx_word' id='word_1_512' title='bbox 788 4795 947 4879; x_wconf 88' lang='lat' dir='ltr'><strong>quomodo</strong></span> <span class='ocrx_word' id='word_1_513' title='bbox 972 4796 1058 4859; x_wconf 88' lang='lat' dir='ltr'><strong>fihus</strong></span> <span class='ocrx_word' id='word_1_514' title='bbox 1086 4794 1145 4859; x_wconf 93' lang='lat' dir='ltr'><strong>Dei</strong></span> <span class='ocrx_word' id='word_1_515' title='bbox 1172 4798 1355 4860; x_wconf 88' lang='lat' dir='ltr'><strong>incarnatus</strong></span> <span class='ocrx_word' id='word_1_516' title='bbox 1380 4805 1427 4860; x_wconf 87' lang='lat' dir='ltr'><strong>cst</strong></span> <span class='ocrx_word' id='word_1_517' title='bbox 1453 4797 1494 4862; x_wconf 91' lang='lat' dir='ltr'><strong>de</strong></span> <span class='ocrx_word' id='word_1_518' title='bbox 1511 4797 1632 4882; x_wconf 87' lang='lat' dir='ltr'><strong>Spiritu</strong></span> <span class='ocrx_word' id='word_1_519' title='bbox 1660 4808 1772 4864; x_wconf 61' lang='lat' dir='ltr'><strong>uncto</strong></span> <span class='ocrx_word' id='word_1_520' title='bbox 1798 4804 1861 4861; x_wconf 78' lang='lat' dir='ltr'><strong>ao</strong></span> 
     </span>
     <span class='ocr_line' id='line_1_46' title="bbox 221 4895 1827 4986; baseline 0.003 -27"><span class='ocrx_word' id='word_1_521' title='bbox 221 4895 320 4960; x_wconf 83' lang='lat' dir='ltr'><strong>Maria</strong></span> <span class='ocrx_word' id='word_1_522' title='bbox 349 4916 472 4981; x_wconf 80' lang='lat' dir='ltr'><strong>semper</strong></span> <span class='ocrx_word' id='word_1_523' title='bbox 501 4900 623 4981; x_wconf 77' lang='lat' dir='ltr'><strong>virgine</strong></span> <span class='ocrx_word' id='word_1_524' title='bbox 649 4917 705 4980; x_wconf 89' lang='lat' dir='ltr'><strong>pro</strong></span> <span class='ocrx_word' id='word_1_525' title='bbox 731 4898 832 4962; x_wconf 89' lang='lat' dir='ltr'><strong>saluto</strong></span> <span class='ocrx_word' id='word_1_526' title='bbox 859 4906 889 4962; x_wconf 94' lang='lat' dir='ltr'><strong>et</strong></span> <span class='ocrx_word' id='word_1_527' title='bbox 914 4900 1110 4982; x_wconf 88' lang='lat' dir='ltr'><strong>reparatione</strong></span> <span class='ocrx_word' id='word_1_528' title='bbox 1138 4899 1271 4963; x_wconf 89' lang='lat' dir='ltr'><strong>humani</strong></span> <span class='ocrx_word' id='word_1_529' title='bbox 1299 4900 1438 4983; x_wconf 81' lang='lat' dir='ltr'><strong>generis,</strong></span> <span class='ocrx_word' id='word_1_530' title='bbox 1468 4920 1598 4984; x_wconf 86' lang='lat' dir='ltr'><strong>passus,</strong></span> <span class='ocrx_word' id='word_1_531' title='bbox 1626 4901 1775 4986; x_wconf 83' lang='lat' dir='ltr'><strong>sepultus</strong></span> <span class='ocrx_word' id='word_1_532' title='bbox 1798 4909 1827 4966; x_wconf 86' lang='lat' dir='ltr'><strong>et</strong></span> 
     </span>
     <span class='ocr_line' id='line_1_47' title="bbox 219 4999 1828 5085; baseline 0.006 -24"><span class='ocrx_word' id='word_1_533' title='bbox 219 5000 309 5062; x_wconf 84' lang='lat' dir='ltr'><strong>tortia</strong></span> <span class='ocrx_word' id='word_1_534' title='bbox 330 4999 381 5063; x_wconf 92' lang='lat' dir='ltr'><strong>die</strong></span> <span class='ocrx_word' id='word_1_535' title='bbox 402 5001 575 5063; x_wconf 83' lang='lat' dir='ltr'><strong>resurrexit</strong></span> <span class='ocrx_word' id='word_1_536' title='bbox 595 5007 626 5064; x_wconf 93' lang='lat' dir='ltr'><strong>et</strong></span> <span class='ocrx_word' id='word_1_537' title='bbox 645 5000 786 5063; x_wconf 86' lang='lat' dir='ltr'><strong>ascendit</strong></span> <span class='ocrx_word' id='word_1_538' title='bbox 807 5001 839 5063; x_wconf 92' lang='lat' dir='ltr'><strong>in</strong></span> <span class='ocrx_word' id='word_1_539' title='bbox 860 5000 979 5081; x_wconf 83' lang='lat' dir='ltr'><strong>coelos,</strong></span> <span class='ocrx_word' id='word_1_540' title='bbox 1002 5008 1034 5065; x_wconf 90' lang='lat' dir='ltr'><strong>et</strong></span> <span class='ocrx_word' id='word_1_541' title='bbox 1055 5001 1214 5085; x_wconf 89' lang='lat' dir='ltr'><strong>quomodo</strong></span> <span class='ocrx_word' id='word_1_542' title='bbox 1234 5003 1350 5066; x_wconf 90' lang='lat' dir='ltr'><strong>iterum</strong></span> <span class='ocrx_word' id='word_1_543' title='bbox 1372 5009 1527 5065; x_wconf 82' lang='lat' dir='ltr'><strong>venturus</strong></span> <span class='ocrx_word' id='word_1_544' title='bbox 1547 5002 1644 5065; x_wconf 89' lang='lat' dir='ltr'><strong>sitin</strong></span> <span class='ocrx_word' id='word_1_545' title='bbox 1666 5004 1828 5069; x_wconf 80' lang='lat' dir='ltr'><strong>maiestate</strong></span> 
     </span>
     <span class='ocr_line' id='line_1_48' title="bbox 219 5100 1828 5192; baseline 0.006 -30"><span class='ocrx_word' id='word_1_546' title='bbox 219 5100 340 5176; x_wconf 76' lang='lat' dir='ltr'><strong>divina,</strong></span> <span class='ocrx_word' id='word_1_547' title='bbox 365 5100 504 5165; x_wconf 88' lang='lat' dir='ltr'><strong>indicare</strong></span> <span class='ocrx_word' id='word_1_548' title='bbox 525 5120 636 5165; x_wconf 89' lang='lat' dir='ltr'><strong>omnes</strong></span> <span class='ocrx_word' id='word_1_549' title='bbox 661 5101 804 5165; x_wconf 90' lang='lat' dir='ltr'><strong>homines</strong></span> <span class='ocrx_word' id='word_1_550' title='bbox 831 5101 1008 5166; x_wconf 88' lang='lat' dir='ltr'><strong>secundum</strong></span> <span class='ocrx_word' id='word_1_551' title='bbox 1033 5105 1146 5169; x_wconf 88' lang='lat' dir='ltr'><strong>merita</strong></span> <span class='ocrx_word' id='word_1_552' title='bbox 1175 5104 1314 5188; x_wconf 86' lang='lat' dir='ltr'><strong>propria;</strong></span> <span class='ocrx_word' id='word_1_553' title='bbox 1343 5110 1374 5168; x_wconf 91' lang='lat' dir='ltr'><strong>et</strong></span> <span class='ocrx_word' id='word_1_554' title='bbox 1401 5102 1559 5188; x_wconf 89' lang='lat' dir='ltr'><strong>quomodo</strong></span> <span class='ocrx_word' id='word_1_555' title='bbox 1586 5105 1678 5189; x_wconf 90' lang='lat' dir='ltr'><strong>impii</strong></span> <span class='ocrx_word' id='word_1_556' title='bbox 1704 5114 1828 5192; x_wconf 82' lang='lat' dir='ltr'><strong>propter</strong></span> 
     </span>
    </p>
   </div>
   <div class='ocr_carea' id='block_1_4' title="bbox 219 5321 1860 5485">
    <p class='ocr_par' dir='ltr' id='par_1_11' title="bbox 219 5321 1860 5485">
     <span class='ocr_line' id='line_1_49' title="bbox 319 5321 1826 5399; baseline 0.005 -23"><span class='ocrx_word' id='word_1_557' title='bbox 319 5322 346 5392; x_wconf 77' lang='lat' dir='ltr'><strong>a)</strong></span> <span class='ocrx_word' id='word_1_558' title='bbox 365 5321 539 5394; x_wconf 79' lang='lat' dir='ltr'><strong>corrigmrtur</strong></span> <span class='ocrx_word' id='word_1_559' title='bbox 547 5329 631 5393; x_wconf 85' lang='lat' dir='ltr'><strong>atquc</strong></span> <span class='ocrx_word' id='word_1_560' title='bbox 640 5323 812 5396; x_wconf 86' lang='lat' dir='ltr'><strong>corrigantur</strong></span> <span class='ocrx_word' id='word_1_561' title='bbox 820 5323 901 5377; x_wconf 51' lang='lat' dir='ltr'><strong>atrahe·</strong></span> <span class='ocrx_word' id='word_1_562' title='bbox 906 5324 988 5381; x_wconf 80' lang='lat' dir='ltr'><strong>codd.</strong></span> <span class='ocrx_word' id='word_1_563' title='bbox 1050 5325 1080 5395; x_wconf 90' lang='lat' dir='ltr'><strong>b)</strong></span> <span class='ocrx_word' id='word_1_564' title='bbox 1095 5324 1397 5395; x_wconf 59' lang='lat' dir='ltr'><strong>illienddeomplam.</strong></span> <span class='ocrx_word' id='word_1_565' title='bbox 1453 5322 1482 5398; x_wconf 78' lang='lat' dir='ltr'><strong>c)</strong></span> <span class='ocrx_word' id='word_1_566' title='bbox 1500 5323 1826 5399; x_wconf 59' lang='lat' dir='ltr'><strong>&amp;Sensim-Salluu-</strong></span> 
     </span>
     <span class='ocr_line' id='line_1_50' title="bbox 219 5398 1860 5485; baseline 0.006 -30"><span class='ocrx_word' id='word_1_567' title='bbox 219 5402 319 5456; x_wconf 79' lang='lat' dir='ltr'><strong>Bumb.</strong></span> <span class='ocrx_word' id='word_1_568' title='bbox 380 5400 409 5471; x_wconf 83' lang='lat' dir='ltr'><strong>d)</strong></span> <span class='ocrx_word' id='word_1_569' title='bbox 430 5403 470 5455; x_wconf 80' lang='lat' dir='ltr'><strong>ito</strong></span> <span class='ocrx_word' id='word_1_570' title='bbox 478 5403 711 5473; x_wconf 72' lang='lat' dir='ltr'><strong>admoniti07893</strong></span> <span class='ocrx_word' id='word_1_571' title='bbox 724 5398 1096 5479; x_wconf 77' lang='lat' dir='ltr'><strong>acupiculae(velsian&#39;1s&#39;ter)</strong></span> <span class='ocrx_word' id='word_1_572' title='bbox 1104 5402 1518 5485; x_wconf 68' lang='lat' dir='ltr'><strong>flantcodd.slna.foeeoaraoe.</strong></span> <span class='ocrx_word' id='word_1_573' title='bbox 1834 5424 1860 5465; x_wconf 73' lang='lat' dir='ltr'>u</span> 
     </span>
    </p>
   </div>
   <div class='ocr_carea' id='block_1_5' title="bbox 0 0 2194 6244">
    <p class='ocr_par' dir='ltr' id='par_1_12' title="bbox 0 0 2194 6244">
     <span class='ocr_line' id='line_1_51' title="bbox 0 0 2194 6244; baseline 0 0"><span class='ocrx_word' id='word_1_574' title='bbox 0 0 2194 6244; x_wconf 95' lang='lat' dir='ltr'><strong> </strong></span> 
     </span>
    </p>
   </div>
  </div>
 </body>
</html>
