4380 6248
236 193 297 258 212
528 196 673 253 KAROLI
693 197 730 252 IL
750 197 800 252 ET
820 196 967 252 PIPPINI
986 195 1080 252 FILII
1100 195 1365 254 CAPITULARIA
1384 196 1550 254 ITALICA.

237 386 268 443 et
287 380 419 463 insuper
440 379 584 443 homines
604 386 701 462 atque
721 379 911 443 servientes⁰
931 377 1154 442 aecclesiarum
1174 376 1234 442 Dei
1255 380 1289 442 in
1311 397 1422 444 eorum
1436 397 1546 464 opera,
1566 378 1599 443 id
1619 378 1725 443 estin
1743 378 1842 443 vineis

237 487 268 546 ct
287 483 407 565 campis
428 501 487 546 seu
506 481 604 565 pratis
625 498 748 544 necnon
769 486 800 544 et
826 481 861 543 in
883 498 995 544 eorum
1015 478 1166 544 aedificiIs
1187 480 1257 545 illos
1277 480 1395 545 faciant
1417 500 1547 566 operare
1566 486 1599 546 et
1617 481 1797 547 carnaticos
1815 486 1846 545 et

237 585 350 647 vinum
378 592 488 647 contra
516 601 642 646 omnem
670 583 823 646 iustitiam
856 581 895 645 ab
923 582 970 645 eis
996 583 1134 646 execrari
1159 601 1225 647 non
1252 588 1392 663 cessant,
1425 583 1599 649 simultas
1625 584 1845 669 oppressiones

238 687 421 770 patiunturl
449 687 536 769 ipsae
561 684 731 748 eeclesiael
765 681 825 748 Dei
850 683 901 748 vel
927 685 1100 748 servientes
1125 686 1262 749 earum¹
1315 683 1468 770 Ideoque,
1502 685 1670 751 karissime
1692 683 1757 765 lili,
1790 684 1846 749 has

237 787 355 852 litteras
377 788 417 851 ad
438 794 527 852 tuam
547 787 746 851 dilectionem
766 787 956 866 direximus,
982 793 1019 850 ut
1044 787 1126 850 hanc
1146 807 1277 852 causam
1297 787 1465 872 diligenter
1490 806 1528 852 ac
1547 787 1723 873 prudenter
1739 787 1845 870 inqui·
1873 809 1888 851 s

237 909 306 954 rere
330 890 440 969 facias,
473 895 504 953 et
530 889 556 952 si
582 902 714 953 verum⁶
746 876 906 972 estquod
934 890 978 952 ita
1001 889 1120 954 factum
1147 890 1201 965 sit,
1232 889 1381 974 deinceps
1404 889 1598 954 omnimodis
1617 888 1792 955 emendare
1817 894 1848 952 et

238 993 393 1076 corrigere
413 992 557 1071 studeas,
585 996 742 1074 quatenus
768 991 803 1054 in
824 990 936 1055 diebus
956 993 1074 1055 nostris
1094 1011 1132 1055 ac
1152 992 1217 1056 tuis
1236 1011 1300 1076 pax
1320 991 1524 1056 ecclesiarum
1545 989 1607 1055 Dei
1628 992 1699 1055 sive
1717 989 1847 1055 illarum

239 1095 445 1159 servientium
465 1096 499 1157 in
521 1094 670 1158 omnibus
690 1099 895 1158 conscrvebu
919 1100 950 1158 et
970 1100 1007 1158 ut
1027 1113 1148 1158 merces
1175 1095 1302 1177 eopIosa
1325 1092 1419 1158 nobis
1444 1113 1481 1157 ac
1501 1092 1558 1158 tibi
1585 1092 1705 1159 exinde
1732 1093 1849 1177 iugiter

239 1195 405 1260 adcrescat

338 1297 533 1362 Audivimus
552 1298 662 1377 ctiam,
683 1296 768 1380 quod
790 1296 927 1379 quedam
946 1298 1083 1381 capitula
1103 1317 1186 1382 quae
1205 1298 1239 1361 in
1259 1297 1329 1382 lege
1349 1298 1444 1363 scribi
1464 1296 1642 1363 iussimus²
1661 1316 1721 1383 per
1740 1297 1849 1381 aliqua
1864 1318 1889 1359 ιο

239 1399 307 1463 loca
327 1399 425 1482 aliqui
454 1419 495 1464 cx
517 1400 633 1463 nostris
659 1417 696 1462 ac
721 1399 835 1463 vestr-Is
862 1398 998 1480 dicunt‘,
1024 1399 1110 1483 quod
1135 1418 1194 1463 nos
1218 1419 1423 1484 nequaquam
1450 1399 1514 1464 illis
1542 1400 1624 1464 hanc
1648 1418 1784 1465 caumm
1808 1398 1848 1463 ad

238 1502 382 1565 notitiam
402 1520 459 1585 per
477 1502 686 1585 nosmetipsos
707 1501 902 1564 condictam⁸
922 1499 1111 1581 habeamus,
1132 1507 1163 1566 et
1183 1502 1252 1566 ideo
1275 1502 1389 1567 nolunt
1408 1520 1447 1566 ca
1465 1501 1613 1567 oboedire
1633 1520 1695 1567 nec
1712 1520 1848 1566 eonsen-

238 1605 297 1667 tire
316 1622 420 1687 neque
439 1623 496 1687 pro
516 1604 584 1687 lege
604 1608 720 1667 tencre.
768 1602 815 1667 Tu
837 1604 962 1666 autemh
984 1604 1083 1683 nosti,
1111 1604 1270 1686 quomodo
1289 1603 1340 1668 vel
1367 1603 1503 1687 qualiter
1527 1610 1633 1669 tecum
1660 1603 1762 1668 locuti
1786 1603 1848 1667 fui·

238 1725 312 1769 mus
333 1706 467 1789 deipsis
487 1705 646 1789 capitulis,
666 1711 698 1768 et
718 1704 788 1768 ideo
813 1723 980 1769 monemus
1000 1713 1089 1770 tuam
1102 1704 1269 1770 amabilem
1287 1705 1501 1786 dilectionem,
1522 1712 1559 1770 ut
1578 1724 1635 1790 per
1656 1706 1847 1771 mriversum

238 1827 373 1893 regnum
394 1807 451 1871 tibi
473 1827 493 1871 a
513 1805 581 1871 Deo
602 1807 807 1871 commissum
830 1825 867 1871 ea
884 1813 960 1871 nota
976 1807 1073 1871 facias
1093 1813 1125 1872 et
1144 1806 1290 1872 oboedire
1310 1814 1406 1891 atque
1426 1807 1548 1892 inplere
1567 1807 1762 1892 praecipias,
1788 1806 1847 1871 de⁸
1863 1831 1924 1886 μ,

239 1911 393 1994 episcopis
419 1917 451 1974 et
477 1909 692 1974 sacerdotibus
717 1910 841 1990 occisis,
870 1910 953 1973 siout
977 1915 1131 1975 statutum
1159 1909 1344 1989 habuimus,
1371 1916 1403 1974 et
1428 1909 1468 1973 de
1493 1908 1624 1993 reliquls
1646 1907 1847 1993 quibuslibet

239 2014 351 2077 causis.
392 2012 621 2076 Verumtamen
642 2010 681 2075 de
694 2010 877 2094 presbiteris
897 2011 1023 2076 videtur
1035 2011 1142 2090 nobis,
1162 2012 1201 2075 si¹
1221 2011 1302 2076 liber
1321 2016 1416 2075 natus
1437 2016 1493 2085 est,
1512 2013 1589 2095 perl
1609 2010 1740 2095 triplam
1760 2029 1846 2074 com·

238 2116 446 2199 positionem*
472 2113 650 2178 secundum
677 2132 769 2176 suam
795 2113 896 2196 legem
923 2112 978 2177 fiat
1001 2115 1208 2198 compositum
1242 2115 1326 2177 etsi
1352 2113 1497 2198 plagatus
1522 2112 1635 2195 buerit,
1666 2112 1845 2177 secundum

240 2218 421 2302 qualitatem
442 2216 492 2280 vel
515 2215 722 2298 quantitatem
743 2215 907 2299 plagarum
935 2215 987 2280 vel
1012 2215 1195 2300 dIseiplinae
1220 2215 1314 2299 tripla
1341 2216 1568 2299 compositione
1595 2214 1788 2279 emendetur
1807 2214 1846 2278 ab

239 2339 276 2385 eo
297 2321 354 2404 qui
374 2319 433 2382 hoc
451 2316 693 2402 perpetraverit¹
734 2315 768 2380 Si
784 2321 917 2380 autema
934 2316 1088 2400 presbiter
1098 2336 1211 2381 servus
1223 2325 1319 2381 natus
1329 2316 1403 2397 fuit,
1424 2316 1601 2381 secundum
1621 2316 1712 2381 illins
1733 2316 1846 2381 nativi·

239 2429 334 2487 tatem
355 2420 448 2504 tripla
468 2420 694 2503 compositione
715 2419 856 2482 solvatur
884 2420 918 2482 in
939 2418 1039 2502 plagiS
1066 2425 1098 2483 et
1122 2418 1305 2503 disciplinis.
1353 2417 1395 2482 Et
1421 2419 1460 2483 de
1485 2417 1674 2483 diaconIbus
1700 2418 1845 2483 similiter

239 2524 300 2588 fiat
341 2522 401 2586 His
421 2522 554 2605 expletis
577 2520 746 2585 benevale
767 2539 891 2604 semper
910 2521 944 2583 in
964 2518 1116 2601 Domine,
1136 2521 1320 2585 lmrissimen
1340 2520 1394 2584 fili.

339 2747 368 2817 d)
389 2749 535 2819 paciantur
545 2749 619 2820 ipsas
630 2748 792 2804 ecclesiast.
867 2749 894 2819 e)
915 2750 1018 2805 ueritas
1026 2751 1051 2805 ⁶2.
1116 2750 1291 2820 t')dicant2.
1359 2749 1389 2823 g)
1408 2768 1468 2806 esse
1481 2751 1585 2806 dictam
1594 2751 1619 2806 1.
1687 2750 1720 2821 b)
1740 2752 1832 2805 dosael
1877 2808 1924 2829 ἱ

239 2825 260 2897 i)
282 2828 381 2883 utsii.
422 2829 453 2898 lrl
470 2830 616 2900 presbyter
625 2829 709 2900 tripla
720 2830 912 2901 conpositione
921 2830 945 2884 2.
987 2831 1322 2902 llperpetratust'uoritl.
1365 2829 1546 2902 m)tamen2.
1587 2830 1924 2910 ιι)(ἰίΙοοῑὶειίιιιεεξἱ

339 3050 367 3119 l)
391 3049 451 3120 Cfr.
465 3049 555 3122 Cape.
567 3051 714 3106 Mantuae.
726 3055 836 3106 meatui.
845 3053 910 3124 787,
923 3053 986 3125 ae,
999 3055 1155 3125 itemaupra
1167 3053 1291 3125 capet,
1307 3072 1331 3109 c.
1340 3053 1366 3109 2.
1434 3053 1464 3118 2)
1487 3052 1576 3125 Capit.
1590 3052 1910 3127 bpbmmwa,

238 3145 413 3213 &dccl
