4418 6226
952 369 1066 424 nmen
1087 369 1273 434 nunnius,
1400 338 1402 341 ’

601 679 786 777 Incipit
820 681 986 777 quarti
1012 681 1420 778 praefatiuncula
1458 681 1624 754 libelli.

311 824 404 917 Quia
432 851 546 922 supra
573 825 611 897 in
636 823 771 895 duabus
797 817 1029 893 ecclesiastica
1056 847 1148 918 quae
1177 821 1347 917 praefati
1367 823 1557 922 principes
1583 826 1735 899 damnus
1759 826 1918 925 impera-

307 959 362 1019 tor
390 946 552 1019 Karalus
579 959 610 1020 et
638 944 824 1043 piissimus
853 941 1081 1015 Hludaroicus
1107 955 1277 1040 aupustus
1304 957 1458 1016 necnon*
1492 959 1524 1019 et
1551 946 1764 1023 Hlatbarius
1790 976 1917 1022 caesar

299 1068 400 1167 filius
426 1068 558 1166 ipsius⁸
584 1067 769 1140 ediderunt
798 1063 957 1163 capitula
986 1064 1162 1162 descripsi
1189 1064 1330 1150 libellis,
1363 1067 1403 1139 in
1436 1069 1536 1141 tertio
1567 1095 1650 1141 cero
1687 1070 1738 1142 cd
1760 1072 1919 1144 ανιαναία-

281 1218 391 1263 sna-m
418 1190 637 1288 pertinentia
662 1188 771 1284 lepem
797 1213 889 1283 quae
913 1188 1064 1259 domnus
1090 1186 1251 1260 Karalus
1275 1189 1472 1285 imperator
1498 1193 1589 1286 jeai
1616 1195 1787 1290 canpessr)
1826 1221 1921 1268 uuna

305 1313 378 1384 iam
416 1313 453 1385 in
487 1325 616 1410 arcario
644 1311 708 1385 illu
740 1312 791 1383 ad
819 1310 1024 1383 mimdanae
1059 1320 1282 1405 aupmeutum
1316 1309 1402 1406 lepis
1430 1315 1654 1409 pertinentia
1684 1342 1776 1414 quae
1807 1344 1920 1414 prae-

280 1434 524 1521 clarissimus
567 1436 718 1507 domnus
752 1433 984 1506 Hludouicus
1023 1434 1213 1530 aupustusb
1255 1447 1285 1504 et
1325 1433 1542 1506 Hlotbarius
1580 1464 1705 1509 caesar
1734 1441 1919 1532 feceruutb

864 1555 1021 1652 capitula
1047 1556 1210 1628 adunari
1232 1555 1329 1629 libell
1353 1613 1361 1629 .

845 1795 1101 1893 Incipiunt
1141 1795 1373 1892 capitula.

268 1961 294 2000 ιο
328 1942 352 2003 1.
374 1936 424 2001 Dc
444 1940 541 2002 seruis
566 1960 622 2019 per
649 1939 872 2003 contumatiam
899 1937 998 2001 alicui
1025 1938 1087 2000 cim
1139 1941 1183 2003 19.
1204 1938 1253 2002 De
1272 1940 1448 2003 homicidiis
1464 1940 1676 2020 prohibendis.
1951 1942 1988 1996 N

409 2041 622 2122 inferentibus.
1136 2043 1185 2107 20.
1207 2041 1256 2104 De
1275 2040 1330 2104 troc
1349 2042 1432 2121 quod
1452 2043 1489 2106 iu
1515 2042 1761 2124 compositionem
1780 2045 1921 2125 miraildi

326 2143 353 2206 2.
375 2140 425 2205 De
450 2143 542 2206 rebus
568 2143 614 2206 vel
638 2144 808 2223 mancipiis
838 2164 859 2206 a
887 2143 962 2223 fisco
987 2141 1087 2223 repali
1237 2144 1311 2206 dari
1333 2143 1447 2206 debeat.

406 2245 571 2326 occripatis.
1137 2247 1186 2309 21.
1207 2246 1256 2309 De
1277 2249 1373 2325 raptu
1394 2244 1574 2308 alienmum
1594 2266 1791 2326 sponsarum.
1963 2238 1985 2277 Χ

325 2348 353 2412 3.
376 2343 427 2409 De
457 2347 554 2410 serris
586 2347 632 2410 uel
666 2345 877 2410 ecclesiasticis
912 2346 946 2408 in
976 2345 1087 2425 fiscum
1137 2351 1184 2412 22.
1210 2344 1259 2409 De
1278 2347 1372 2427 falsis
1392 2347 1520 2410 testibus
1542 2348 1769 2412 convincendis.

269 2473 294 2513 rs
407 2448 540 2528 repulem
559 2448 817 2529 consumentibus.
1137 2449 1185 2512 23.
1209 2443 1259 2509 De
1272 2447 1404 2528 proprio
1423 2448 1457 2511 in
1479 2448 1620 2512 bannum
1640 2451 1741 2512 misso.

325 2552 353 2614 4.
375 2547 426 2612 Dc
446 2549 546 2611 vanis
570 2549 735 2612 dominicis
761 2550 805 2614 ad
829 2569 968 2614 marcam
989 2551 1087 2612 cuslo
1136 2552 1185 2614 24.
1207 2547 1258 2612 De
1277 2551 1448 2613 mannire.d

406 2651 552 2715 (tiendum
573 2652 756 2715 constitutis.
1137 2653 1185 2716 25.
1207 2648 1259 2713 Dc
1278 2650 1380 2732 taidis
1399 2651 1602 2715 cohercendis.

324 2756 352 2818 ὁ.
374 2751 424 2816 De
451 2753 610 2817 comitibus
629 2754 673 2816 ad
693 2755 867 2818 custodiam
893 2755 1086 2817 maritimam
1136 2755 1184 2818 26.
1205 2753 1254 2816 De
1273 2753 1493 2829 sacramentis,
1516 2754 1571 2818 ubi
1590 2754 1734 2818 iuranda
1753 2756 1826 2818 sint.

405 2855 572 2934 deputatis.
1136 2857 1184 2922 27.
1205 2853 1256 2918 De
1274 2855 1325 2918 bis
1344 2855 1401 2935 qui
1419 2854 1459 2917 de
1478 2856 1566 2936 furto
1588 2857 1729 2920 acarsati
1748 2859 1879 2938 fuerint.

267 2984 294 3022 α
326 2958 352 3022 6.
374 2954 424 3019 De
443 2957 508 3033 bis,
538 2957 594 3036 qui
619 2962 746 3038 propter·
765 2959 915 3023 incestum
942 2979 992 3023 res
1012 2978 1087 3039 pra-
1136 2960 1184 3024 28.
1203 2957 1253 3021 Dc
1275 2957 1415 3038 dispcdu
1439 2956 1615 3020 litterarum
1635 2959 1874 3023 dominicarum.

399 3059 494 3139 prius
513 3058 696 3122 amiserunt.
1136 3062 1183 3126 29.
1204 3060 1253 3123 De
1279 3059 1406 3122 iniustis
1430 3059 1555 3122 teloneis
1577 3063 1606 3122 ei
1631 3061 1917 3126 consuctudinibus.

324 3164 351 3226 7.
372 3161 422 3224 De
441 3162 711 3226 muiurationibus
737 3182 896 3226 seruorum
924 3163 959 3225 in
980 3163 1086 3227 Flun-
1136 3165 1184 3228 30.
1204 3162 1253 3224 De
1262 3160 1312 3223 bis
1321 3160 1378 3241 qui
1385 3161 1476 3224 bonos
1487 3160 1633 3224 denarias
1647 3162 1785 3242 accipere
1797 3163 1919 3227 nolunt.

405 3264 473 3326 ciris
507 3269 536 3327 et
564 3264 600 3326 in
632 3264 803 3343 Mempisca
833 3267 861 3327 et
890 3264 926 3326 iu
959 3266 1087 3328 caeteris
1135 3267 1183 3330 31.
1205 3260 1256 3325 De
1274 3262 1542 3325 adulteratoribus
1560 3267 1709 3326 monetae.

406 3366 574 3429 maritimis
596 3365 677 3429 loreis.
1136 3369 1184 3431 32.
1205 3365 1254 3429 De
1273 3364 1405 3444 proprio
1426 3364 1579 3427 dominico
1593 3365 1662 3428 sine
1677 3366 1814 3429 lussiaco
1831 3365 1922 3428 illius

266 3494 293 3535 rs
323 3470 351 3533 8.
372 3465 423 3531 De
439 3468 489 3530 bis
501 3469 557 3549 qui
574 3468 610 3530 in
624 3467 712 3531 litore
728 3466 937 3530 rrmrissalem
950 3468 1085 3548 iaciunt.
1236 3466 1365 3528 reddito.

324 3575 352 3637 9.
374 3571 423 3634 De
433 3571 585 3633 erunibus
600 3569 827 3648 defunctorum,
848 3590 944 3650 quam
964 3573 1086 3649 partem
1136 3570 1184 3633 33.
1206 3565 1256 3630 Dc
1283 3567 1396 3647 prieris
1423 3567 1533 3629 invitis
1567 3568 1753 3646 parentibus
1786 3568 1921 3631 detonsis

404 3672 662 3736 corimborutionis
677 3675 750 3751 post
765 3671 880 3735 obitum
900 3671 1087 3734 maritorum
1237 3672 1295 3731 aut
1315 3667 1430 3748 puellis
1453 3667 1569 3731 bebetis.

403 3775 543 3854 accipere
563 3774 677 3838 ddunt.
1136 3773 1183 3837 34.
1205 3767 1255 3834 De
1271 3771 1431 3851 forcapiis.

306 3881 351 3943 10.
373 3877 423 3940 De
443 3877 608 3958 apperibus
627 3877 721 3938 inuia
741 3876 879 3956 Licerim
899 3876 1064 3957 jaciendis.
1135 3875 1185 3939 35.
1206 3872 1256 3936 lte
1276 3876 1361 3934 terra
1383 3870 1563 3934 tributaria.

266 4003 291 4043 so
307 3984 351 4043 ll.
372 3975 422 4041 De
445 3979 604 4043 rtrcodecim
623 3978 772 4058 pontibus
790 3998 885 4058 super
906 3977 1086 4058 Quanam
1135 3977 1183 4040 36.
1207 3971 1255 4036 De
1275 3972 1431 4053 beneficiis
1451 3972 1622 4035 destructis.

404 4080 632 4145 restauramlis.
1135 4076 1183 4140 37.
1204 4073 1255 4138 De
1275 4079 1359 4138 terra
1380 4072 1504 4137 censali.

306 4183 350 4245 12.
371 4180 420 4243 De
439 4181 582 4243 omnibus
593 4181 744 4261 pontibus
763 4179 928 4262 jaciendis.
1135 4180 1184 4244 38.
1205 4178 1255 4241 De
1273 4177 1366 4240 nonis
1385 4179 1413 4239 et
1432 4174 1567 4239 decimis.

306 4285 351 4346 13.
374 4279 424 4344 De
441 4282 554 4345 bonore
574 4281 799 4365 ecclesiarum.
1134 4275 1441 4358 annemundus
1468 4277 1504 4338 in
1530 4275 1622 4338 villos
1647 4275 1823 4339 dominicas
1847 4297 1920 4340 con·

305 4386 350 4448 14.
371 4383 420 4446 De
440 4383 572 4445 iniuriis
596 4383 789 4446 sacerdotum
815 4382 861 4446 vd
881 4383 1086 4464 qumumlrbat
1236 4379 1438 4460 incientibus.

265 4512 291 4554 ³⁵
405 4504 443 4546 cn
464 4483 543 4547 clero
560 4485 596 4547 in
616 4482 743 4546 ecclesia
762 4485 879 4564 [ααὶε.ο
1135 4487 1183 4549 40.
1205 4479 1256 4544 De
1274 4480 1440 4562 tmcstibue
1459 4479 1578 4543 maur
1598 4479 1760 4542 institutis.

305 4589 351 4651 li).
373 4583 424 4648 Dc
443 4584 557 4661 uiduis,
575 4584 709 4664 pupillis
730 4590 758 4649 et
771 4586 979 4666 pauperibus.
1134 4585 1182 4648 41.
1203 4584 1252 4647 De
1259 4582 1407 4663 pontibus
1421 4602 1478 4662 per·
1491 4580 1615 4642 diversa
1628 4579 1694 4642 loca
1706 4580 1917 4643 emendandis.

279 4749 284 4754 .
308 4692 351 4755 16.
371 4688 421 4752 De
442 4691 540 4767 raptu
561 4686 741 4750 mduarurn.
1135 4687 1183 4751 42.
1203 4683 1420 4764 Delmatiam
1440 4681 1580 4744 annium
1599 4681 1766 4744 missorum
1786 4681 1919 4744 domini·

239 4752 276 4790 f
305 4791 350 4855 17.
370 4788 550 4854 Deliam-inc
565 4786 956 4869 publicampaenitenliam
976 4791 1085 4868 aperite
1235 4805 1357 4860 carim,
1399 4784 1438 4847 de
1476 4783 1591 4864 quibus
1632 4781 1770 4845 mdelr'cet
1812 4782 1920 4845 causis

404 4892 569 4971 interjecto.
1235 4906 1326 4966 apere
1346 4886 1482 4949 debeant.

263 4997 348 5066 «018.
369 4993 418 5058 De
437 4992 560 5057 bomine
579 4991 685 5068 libero,
716 4998 752 5056 ut
773 4996 955 5074 potestatem
974 4992 1084 5056 babeat
1134 4993 1181 5055 43.
1202 4986 1253 5052 De
1278 4986 1343 5051 illis
1363 4986 1556 5051 libertatibus
1582 4989 1611 5048 et
1633 4985 1725 5049 rebus
1750 4983 1918 5047 reddendis

403 5095 588 5177 rubiarmque
612 5093 743 5159 uoluerit
762 5113 811 5157 res
837 5113 914 5156 srucs
934 5093 1027 5170 dare,
1056 5097 1084 5155 et
1234 5109 1315 5169 quae
1335 5087 1542 5152 indominica
1562 5089 1713 5151 vestitura
1731 5090 1816 5164 sunt,
1837 5106 1918 5167 qua·

402 5196 539 5276 qualiter
557 5198 612 5261 bac
629 5199 733 5277 tacere
752 5196 866 5259 debeat.
1234 5190 1305 5254 liter
1325 5191 1520 5271 inquiratur.

402 5488 429 5558 n)
450 5507 610 5546 necnon...
624 5531 630 5543 .
649 5488 736 5559 ipsius
747 5506 799 5541 orn.
815 5488 897 5540 codd.
914 5488 1048 5540 emunctae
1060 5486 1162 5540 cusa.
1263 5483 1294 5552 b)
1315 5493 1449 5557 augustus
1470 5484 1539 5539 feeit
1556 5486 1638 5538 codd.
1656 5487 1790 5537 secundae
1807 5483 1910 5536 cherin

302 5568 328 5635 c)
339 5567 384 5623 Dc
399 5570 536 5625 solutione
549 5570 633 5624 occisi
649 5568 804 5639 presbyteri
815 5568 923 5621 addunt
936 5569 980 5620 bie
991 5569 1074 5621 codd.
1085 5565 1185 5619 Bamb.
1199 5565 1266 5618 Par.
1277 5564 1389 5620 esini
1400 5565 1487 5622 4638.
1505 5564 1609 5620 10758.
1672 5564 1701 5635 d)
1726 5565 1815 5620 codd.
1828 5565 1911 5617 iidem

262 5677 290 5716 45
302 5650 347 5704 bic
357 5650 476 5703 inserunt
487 5650 639 5703 rubricam:
653 5648 779 5713 Qualiter
791 5650 825 5703 de
837 5656 971 5703 statuane
982 5647 1108 5719 pulsatus
1119 5645 1256 5701 evindicet
1268 5644 1425 5701 libertatem
1440 5663 1528 5700 sunm.
