4380 6248
820 353 966 410 KAROLI
987 353 1110 410 MAGNI
1133 354 1402 412 camminata
1854 354 1911 418 137

303 549 332 601 et
351 538 512 600 Monam
536 560 633 599 areana
653 535 700 599 od
717 535 829 599 Danae
849 535 1045 621 Leaena-sque
1065 535 1266 600 debellandos
1286 535 1452 622 delegat-it,
1481 537 1566 622 quod
1583 539 1657 602 bene
1679 541 1823 626 coarmati
1842 564 1913 603 eurio

303 640 345 725 οἰίιΙ
364 662 444 723 qrtoe
465 640 497 701 in
519 639 622 702 breare
642 638 747 700 aoam'
763 638 866 721 eapite
884 660 963 701 ooao
984 649 1177 701 statuuntur.
1222 637 1406 723 Capitulum
1425 651 1566 703 nostram
1590 641 1631 703 r't'e
1649 642 1759 704 acerbata
1768 640 1928 730 fortusse

302 740 411 804 domm
433 753 481 804 eet
499 740 572 823 (cfr
593 765 619 803 e.
632 741 680 820 8),
707 740 874 824 paitraus
894 739 1071 823 Sequanam
1095 738 1334 826 demandantur,
1362 765 1431 804 euru
1453 743 1702 806 suanm-utorium
1730 765 1848 827 quoque
1869 742 1915 804 ad

304 841 446 905 Galliam
468 841 688 906 oemileatulem
708 853 832 926 spectet.
1406 842 1505 922 (13.1,
1526 844 1604 911 489:
1631 843 1668 906 P.
1683 844 1711 923 l,
1734 845 1813 922 119.)

269 1056 283 1095 s
356 1026 482 1101 Brevis
511 1027 756 1126 capitulorum
785 1052 896 1124 quam
924 1026 1029 1100 missi
1056 1025 1231 1100 dominici
1258 1025 1396 1102 habere
1423 1026 1562 1102 debent
1585 1029 1633 1102 ad
1659 1030 1861 1103 exercituin

957 1149 1264 1249 promovendum.

436 1259 458 1289 γ

404 1259 473 1369 [³1
495 1304 601 1367 omnis
621 1302 701 1367 liber
721 1304 828 1378 homo,
852 1305 906 1387 qui
930 1311 1068 1387 quatuor
1086 1323 1215 1367 mansos
1232 1306 1361 1369 vestitos
1381 1306 1419 1368 de
1431 1307 1556 1388 proprio
1570 1326 1627 1369 suo
1647 1308 1714 1369 sire
1728 1307 1766 1371 de
1779 1306 1914 1370 alieuius

303 1405 458 1471 beneficio
479 1404 588 1482 habet,
616 1406 683 1489 ipse
704 1425 738 1470 se
759 1413 924 1490 praeparet
944 1412 975 1469 et
995 1425 1051 1489 per
1072 1425 1105 1469 se
1127 1406 1160 1468 in
1182 1406 1301 1470 hostem
1325 1406 1543 1491 pergat‚‘.sive
1564 1428 1638 1471 erim
1662 1410 1785 1472 seniore
1806 1428 1865 1472 suo
1886 1410 1912 1472 si

304 1510 411 1572 senior
431 1510 501 1572 eius
522 1508 697 1590 perrexerit
716 1509 784 1571 sive
806 1494 879 1572 oum
901 1509 1016 1571 oomite
1037 1528 1104 1571 suo.
1146 1507 1208 1583 Qut
1228 1528 1303 1572 vero
1325 1516 1387 1572 tres
1409 1528 1537 1573 mansos
1556 1510 1595 1573 de
1616 1511 1741 1593 proprio
1760 1509 1914 1589 habuerit,

256 1630 282 1667 ιο
303 1612 378 1674 huie
397 1611 590 1692 adiungatur
606 1611 681 1693 qui²
702 1630 804 1674 unum
827 1631 975 1674 mansum
996 1608 1109 1673 habeat
1131 1618 1161 1673 et
1182 1610 1233 1673 det
1254 1611 1297 1673 illi
1319 1612 1528 1690 adiutorium,
1556 1621 1591 1676 ut
1612 1612 1664 1676 ille
1682 1632 1738 1696 pro
1759 1610 1913 1676 ambobus

303 1713 410 1796 possit.
455 1710 517 1787 Qui
539 1719 646 1776 autem
668 1712 749 1775 duos
770 1711 863 1775 habet
884 1711 922 1775 de
944 1713 1068 1794 proprio
1090 1720 1233 1791 tantum,
1257 1714 1408 1796 iungatur
1428 1713 1471 1776 illi
1493 1715 1571 1778 alter
1592 1717 1647 1798 qui
1669 1715 1813 1778 similiter
1833 1716 1913 1778 duos

305 1835 433 1878 mansos
456 1814 584 1894 habeat,
614 1821 644 1878 et
664 1834 751 1877 unus
773 1833 813 1877 ex
835 1815 895 1893 eis,
922 1814 1019 1877 altero
1047 1813 1138 1876 illum
1159 1815 1344 1888 adiuvante,
1372 1825 1481 1900 pergat
1507 1817 1540 1879 in
1564 1816 1693 1879 hostem.
1736 1815 1798 1892 Qui
1819 1817 1913 1879 etiam

303 1927 427 1980 tantum
453 1936 555 1980 unum
576 1935 724 1980 mansum
748 1916 787 1979 de
808 1917 931 2000 proprio
952 1915 1062 1995 habet,
1088 1916 1305 2000 adiungantur
1329 1919 1357 1980 ei
1384 1928 1447 1981 tres
1476 1919 1529 2001 qni
1559 1917 1703 1981 similiter
1728 1916 1915 1981 habeantet

304 2018 379 2082 dent
401 2020 431 2083 ei
454 2019 663 2093 adiutorium,
691 2027 722 2082 et
743 2018 793 2081 ille
814 2026 921 2101 pergat
942 2024 1084 2083 tantum:
1111 2028 1174 2082 tres
1196 2038 1269 2082 vero
1292 2021 1347 2103 qui
1369 2021 1414 2083 illi
1433 2019 1626 2083 adiutorium
1647 2020 1801 2084 dederunt
1828 2021 1913 2083 domi

254 2141 284 2180 nr
303 2129 495 2185 remaneant.

403 2226 431 2287 2.
473 2223 632 2287 Volumus
654 2233 750 2307 atque
771 2222 935 2302 iubemus,
962 2228 999 2286 ut
1020 2222 1102 2286 idem
1129 2224 1218 2285 missi
1241 2225 1340 2286 nostri
1362 2223 1528 2308 diligenter
1548 2225 1724 2307 inquirant,
1752 2227 1806 2308 qui
1830 2246 1913 2288 aratro

302 2327 470 2408 praeterito
492 2324 532 2388 de
553 2324 643 2388 hoste
664 2324 796 2387 bannito
815 2326 1042 2388 remansissent
1061 2343 1157 2407 super
1173 2325 1260 2388 illam
1282 2326 1531 2389 ordinationeml
1554 2347 1648 2409 quam
1663 2327 1755 2390 modo
1766 2329 1914 2410 superins

303 2427 533 2510 comprehenso
555 2426 594 2489 de
614 2425 722 2489 liberis
743 2435 773 2490 et
793 2426 1033 2510 pauperioribus
1060 2427 1242 2491 hominibus
1268 2427 1337 2491 fieri
1357 2429 1527 2495 iussimus:
1554 2439 1583 2492 et
1606 2429 1800 2512 quicumque
1819 2429 1914 2492 fuerit

302 2529 471 2605 inventus,
501 2529 556 2611 qui
579 2547 637 2591 nec
657 2548 765 2612 parem
787 2548 882 2592 sunm
904 2528 942 2592 ad
966 2529 1087 2592 hostem
1115 2549 1212 2592 suum
1238 2529 1418 2593 faciendum
1439 2530 1615 2593 seeundum
1638 2542 1777 2593 nostram
1800 2532 1913 2594 iussio-

252 2658 283 2692 ao
303 2649 377 2693 nem
398 2630 520 2692 adiurit
542 2649 647 2712 neque
669 2631 821 2713 perrexit.
848 2629 1059 2694 haribannum
1083 2640 1228 2694 nostrum
1251 2632 1385 2714 pleniter
1409 2631 1557 2694 rewadiet
1580 2641 1610 2695 et
1631 2632 1669 2694 de
1689 2632 1839 2696 solvendo
1860 2633 1912 2696 illo

302 2732 480 2795 seeundum
500 2731 600 2815 legem
620 2730 714 2796 fidem
736 2734 835 2796 faeiat.

402 2838 430 2899 3.
479 2832 569 2909 Quod
592 2836 618 2897 si
639 2834 718 2897 forte
739 2834 810 2897 talis
832 2835 925 2898 homo
948 2837 1096 2898 inventus
1116 2837 1210 2900 fiuent
1239 2837 1294 2919 qui
1316 2836 1409 2914 meat,
1439 2834 1522 2918 quod
1550 2834 1690 2897 iussione
1718 2836 1840 2899 comitis
1863 2836 1913 2900 vel

303 2937 411 2998 vicarii
433 2944 489 2999 aut
509 2937 680 2999 centenarii
705 2938 756 3000 sui
777 2937 835 3000 hoo
856 2939 939 3019 quob
961 2938 1029 3020 ipse
1049 2940 1254 3021 semetipsum
1276 2956 1460 3021 praeparare
1481 2934 1592 3000 debeat
1613 2937 1714 2999 eidem
1735 2939 1841 3001 comiti
1863 2938 1912 3002 rel

302 3038 420 3100 vicario
447 3044 503 3101 aut
532 3040 711 3102 centenario
740 3039 788 3101 vel
818 3038 1013 3122 quibuslibet
1037 3039 1221 3103 hominibus
1247 3059 1357 3103 eorum
1383 3039 1520 3103 dedisset
1547 3048 1578 3102 et
1603 3050 1729 3122 propter
1755 3039 1813 3102 hoe
1833 3040 1912 3103 illud

252 3168 281 3207 as
303 3139 485 3203 demisisset
508 3141 617 3204 iteret
644 3141 732 3203 missi
760 3142 859 3204 nostri
886 3142 944 3204 hoo
965 3142 1008 3205 ita
1036 3161 1146 3204 serum
1173 3161 1241 3205 esse
1269 3142 1459 3224 investigare
1484 3142 1660 3224 potuerint,
1686 3141 1713 3203 is
1740 3160 1795 3224 per
1820 3144 1912 3206 euius

303 3243 479 3305 iussionem
501 3243 554 3306 ille
575 3245 726 3306 remansit
749 3244 890 3307 bannum
912 3250 1056 3307 nostrtun
1085 3244 1233 3307 rewadiet
1258 3251 1354 3325 atque
1374 3244 1542 3326 persolvat,
1570 3244 1639 3306 sire
1659 3244 1698 3305 sit
1719 3262 1824 3307 eomes
1845 3246 1912 3308 sive

302 3344 442 3407 vicarius
464 3346 531 3407 sire
552 3344 723 3408 advocatus
744 3347 881 3429 episcopi
903 3353 998 3429 atque
1018 3346 1149 3410 abbatis.

402 3447 431 3509 4.
476 3444 524 3510 De
546 3446 729 3510 hominibus
752 3449 904 3510 comitum
926 3449 1040 3510 casatis
1062 3449 1113 3510 isti
1135 3458 1209 3511 sunt
1230 3449 1407 3531 excipiendi
1429 3456 1459 3511 et
1479 3447 1621 3510 bannum
1641 3447 1827 3510 rewadiaret
1847 3468 1910 3510 non

304 3547 490 3612 iubeantur:
513 3548 577 3611 duo
599 3550 655 3631 qui
677 3549 798 3625 dimissi
820 3549 949 3613 fnenrnt
969 3569 1043 3613 eum
1064 3569 1165 3613 uxore
1187 3549 1272 3612 illius
1288 3560 1320 3613 et
1333 3548 1386 3612 alii
1407 3548 1537 3632 duoqui
1554 3561 1679 3632 propter
1701 3549 1910 3612 ministerium

254 3680 282 3717 ro
302 3651 373 3712 eius
394 3649 640 3713 custodiendum
662 3657 692 3713 et
714 3653 878 3714 servitium
900 3658 1044 3714 nostrum
1065 3651 1244 3714 faciendum
1265 3670 1428 3714 remanere
1449 3652 1526 3714 iussi
1549 3662 1632 3714 sunt.
1673 3649 1709 3712 In
1731 3671 1793 3733 qua
1816 3670 1912 3714 eausa

302 3751 396 3815 modo
418 3754 649 3835 praecipimus,
679 3760 713 3816 ut
735 3764 852 3836 quanta
874 3755 1048 3817 ministeria
1072 3754 1296 3836 unusquisque
1321 3772 1427 3816 eomes
1450 3752 1593 3815 babuerit
1614 3753 1729 3815 totiens
1756 3752 1836 3815 duos
1858 3754 1912 3815 lto-

303 3855 406 3917 mines
427 3853 466 3916 ad
488 3872 524 3916 ea
545 3854 750 3919 eustodiendo
772 3855 855 3918 domi
879 3855 1028 3931 dimittat,
1049 3863 1171 3938 praeter
1192 3855 1262 3917 illos
1284 3855 1364 3918 duos
1386 3875 1466 3938 quos
1487 3874 1560 3918 curn
1580 3874 1679 3918 rixare
1701 3875 1772 3921 sum
1792 3862 1911 3918 eeteros

303 3974 377 4019 vero
400 3975 512 4020 omnes
534 3976 642 4020 seourn
665 3957 800 4040 pleniter
820 3957 932 4021 babeat
951 3958 1015 4033 vel,
1037 3960 1063 4020 si
1086 3959 1152 4041 ipse
1173 3958 1258 4020 domi
1280 3958 1479 4032 remanserit,
1501 3976 1573 4020 euru
1593 3956 1644 4019 illo
1666 3958 1721 4039 qni
1743 3975 1799 4040 pro
1820 3975 1856 4020 eo
1878 3958 1910 4019 in

302 4056 425 4122 hostem
446 4057 659 4141 proficiscitur
680 4058 819 4142 diagatt
869 4058 1045 4143 Episcopus
1066 4079 1140 4123 vero
1162 4058 1210 4123 rel
1232 4059 1329 4122 abbas
1350 4059 1413 4122 duo
1434 4067 1558 4122 tantum
1580 4059 1619 4122 de
1639 4059 1752 4122 casatis
1773 4067 1804 4122 et
1825 4059 1912 4122 laieis

253 4190 281 4230 ω
302 4158 486 4223 hominibus
507 4162 574 4223 suis
595 4161 680 4223 domi
702 4160 869 4224 dimittant.

400 4263 430 4327 5.
478 4260 526 4326 De
547 4261 731 4326 hominibus
756 4264 873 4327 nostris
898 4269 930 4327 et
955 4266 1173 4348 episcoporum
1195 4271 1225 4327 et
1252 4262 1419 4341 abbatum,
1448 4263 1503 4345 qui
1526 4262 1573 4325 rel
1596 4261 1746 4325 beneficia
1768 4263 1817 4326 vel
1839 4263 1913 4326 talia

301 4365 426 4448 propria
449 4363 580 4439 lrabeat,
605 4371 640 4428 ut
661 4384 701 4428 ex
723 4367 769 4429 eie
792 4366 968 4429 seeundum
989 4367 1163 4430 iussionem
1185 4367 1218 4429 in
1239 4366 1360 4429 hostem
1381 4364 1462 4428 bene
1483 4373 1616 4447 possunt
1638 4383 1777 4448 pergere,
1800 4384 1912 4449 exeep-

301 4465 342 4527 tis
363 4465 413 4528 his
437 4486 518 4549 quos
542 4467 587 4530 eis
615 4486 722 4530 seeum
754 4467 838 4530 domi
860 4487 1022 4531 remanere
1048 4470 1267 4551 permisimus,
1294 4468 1321 4530 si
1347 4467 1445 4550 aliqui
1473 4467 1593 4529 inventi
1619 4466 1753 4545 fuerint,
1784 4468 1839 4549 qui
1861 4468 1911 4531 rel

300 4568 399 4649 pretio
427 4586 461 4631 se
491 4568 701 4632 redemissent
726 4569 776 4632 vel
810 4569 966 4632 dominis⁸
999 4572 1066 4632 suis
1098 4567 1353 4653 permittentibus
1383 4568 1467 4632 domi
1496 4569 1735 4644 remansissent,
1768 4566 1910 4632 bannum

253 4702 282 4740 ω
302 4676 449 4732 nostrum
472 4671 554 4734 sieut
576 4674 722 4754 superius
746 4671 863 4734 dietum
882 4674 950 4746 ests,
972 4680 1002 4735 et
1017 4671 1111 4735 fidem
1126 4672 1242 4741 faciant
1263 4682 1320 4733 ae!
1342 4670 1528 4753 persolvant.
1570 4668 1698 4732 Domini
1713 4689 1786 4733 vero
1801 4689 1911 4734 eorum

301 4772 358 4854 qui
379 4789 434 4835 eos
458 4771 544 4835 domi
566 4791 729 4861 remanere
749 4775 970 4857 permiserinth
998 4775 1046 4837 rel
1074 4774 1295 4837 urinisteriales
1321 4791 1429 4835 eorum
1460 4773 1516 4854 qui
1536 4769 1575 4834 ab
1596 4773 1642 4834 eis
1663 4773 1803 4855 preeium
1825 4793 1911 4837 aece-

301 4882 419 4956 perunt
439 4875 585 4938 similiter
604 4873 747 4939 bannum
770 4885 914 4939 nostrum
937 4877 1119 4940 rewadienti
1143 4886 1174 4939 et
1194 4876 1288 4939 fidem
1301 4875 1430 4949 farciant,
1452 4893 1554 4956 usque
1576 4873 1651 4936 dum
1674 4872 1766 4937 nobis
1784 4877 1911 4939 numia-

300 4981 368 5038 tum
389 4974 491 5039 brerit.

404 5177 428 5245 ιζ
453 5177 501 5248 qui
515 5196 606 5231 onae.
668 5180 697 5248 b)
719 5197 866 5250 quoqueo.
929 5199 952 5248 el
976 5181 1173 5235 rewrtnliaree.
1235 5180 1448 5250 ddirigaturo.
1512 5180 1535 5248 ef
1552 5181 1681 5235 domibus
1694 5199 1716 5234 r.
1780 5182 1806 5235 l.
1829 5200 1911 5236 rewa-

254 5280 283 5320 tt
300 5255 379 5311 dieat
391 5258 461 5311 odd.
475 5258 509 5311 P.
515 5279 527 5327 ,-
541 5261 618 5328 quod
629 5277 693 5313 eone
707 5261 960 5328 subintellependum
974 5262 1166 5313 eataeeaadurn
1182 5260 1272 5313 023.
1354 5263 1381 5330 gx
1399 5260 1522 5329 sortasse
1537 5270 1567 5313 ut
1582 5263 1769 5331 corripendum
1785 5271 1839 5329 ωε,-
1857 5263 1909 5332 cfr.

299 5354 385 5408 supra
398 5336 456 5391 al.
538 5339 568 5408 h)
588 5340 745 5410 permiserit
756 5359 779 5398 e.
861 5341 882 5409 i>
904 5341 1052 5395 rewadient
1066 5360 1090 5393 e.

404 5518 433 5589 1)
454 5519 600 5574 Memorat.
613 5522 649 5575 de
661 5538 747 5575 mere.
756 5537 887 5593 proepm.
895 5521 961 5575 807.

353 5640 389 5681 u.
414 5640 633 5683 cantamus
