4418 6226
952 365 1067 421 LIBER
1086 364 1289 425 SECUNDUS.
1869 367 1929 431 413

321 542 426 604 minos
439 540 685 625 inunguendum
696 541 765 605 rel·
784 540 928 604 infirmos
947 542 1038 603 iuxta
1050 543 1238 605 sententiam
1248 542 1464 626 apostolicam
1485 548 1533 623 ut,
1556 544 1683 627 quando
1698 547 1771 629 quis
1788 545 1929 610 infirma·

321 651 394 725 tar,
415 644 547 707 inducat
566 643 765 728 presbyteros
785 643 951 722 ecclesiae,
972 650 1003 706 et
1024 649 1115 706 orent
1134 662 1229 727 super
1248 663 1338 724 enm,
1358 651 1538 728 unguentes
1560 664 1634 709 eum
1655 646 1724 711 oleo
1744 648 1779 710 in
1800 649 1929 713 nomine

321 744 458 809 Domini.

424 849 490 913 157.
531 843 583 909 De
600 845 694 910 nonis
714 849 742 909 et
761 845 898 909 denonis.
942 846 983 911 Ut
1010 848 1065 930 qui
1087 846 1289 912 ecclesiarum
1317 847 1469 913 beneficia
1497 849 1627 927 habent,
1655 870 1773 914 nonam
1794 858 1826 915 et
1845 851 1929 916 deci-

296 969 408 1013 smam
430 968 470 1013 ex
490 952 536 1013 eis
557 949 706 1013 ecclesiae
728 949 822 1012 onius
842 968 893 1013 res
921 956 997 1013 sunt
1021 949 1146 1013 donent
1187 948 1230 1013 Et
1257 951 1313 1034 qui
1334 950 1396 1014 tale
1417 950 1608 1016 beneficium
1627 951 1763 1032 habent,
1784 955 1839 1017 utb
1866 953 1926 1017 adb

322 1053 520 1116 medietatem
542 1050 702 1131 laborent,
723 1057 779 1114 nte
799 1050 838 1114 do
859 1070 968 1114 eorum
992 1052 1135 1135 portione
1159 1053 1284 1136 proprio
1305 1051 1487 1136 presbytero
1509 1053 1647 1118 decimas
1668 1054 1791 1119 donent

424 1156 490 1220 158.
534 1150 585 1216 De
604 1151 826 1234 festivitatibus
845 1152 881 1215 in
907 1170 1000 1215 anno.
1049 1151 1119 1216 Hae
1147 1160 1223 1217 sunt
1249 1154 1433 1218 festivitates
1461 1157 1495 1217 in
1525 1175 1609 1219 anno
1636 1175 1718 1239 quae
1743 1176 1798 1241 per
1821 1159 1929 1221 omnia

324 1256 466 1320 5555155·
487 1255 617 1319 debent:
640 1255 753 1318 natalis
774 1253 916 1334 Domini,
938 1256 1038 1318 sancti
1060 1254 1223 1338 Stephani,
1244 1255 1505 1320 sanctilohannis
1526 1258 1757 1341 euangelistae,
1777 1260 1928 1323 innocen·

324 1369 408 1438 tum,
429 1356 556 1421 octabas
577 1355 725 1436 Domini,
746 1357 926 1441 epiphania,
948 1357 1074 1421 octabas
1095 1358 1295 1442 epiphaniae,
1315 1357 1491 1442 purificatio
1515 1367 1641 1424 sanctae
1661 1359 1792 1440 Mariae,
1812 1361 1928 1445 pascha

282 1483 309 1520 10
322 1461 389 1524 dios
410 1469 496 1539 octo,
516 1460 633 1523 letania
654 1460 768 1537 maior,
789 1479 920 1524 ascensa
942 1457 1088 1540 Domini,
1109 1466 1324 1543 pentecosten,
1345 1462 1444 1524 saneti
1464 1460 1616 1525 Iohannis
1636 1460 1806 1546 baptistae,
1827 1465 1927 1527 sancti

323 1562 408 1626 Petri
429 1569 460 1626 et
472 1560 580 1642 Pauli,
601 1563 701 1626 sancti
714 1559 857 1641 Martini,
878 1563 977 1625 sancti
995 1562 1150 1626 Andreae.
1192 1560 1240 1626 De
1266 1563 1485 1646 adsumptione
1506 1569 1632 1627 sanctae
1657 1561 1777 1628 Mariae
1796 1566 1927 1629 interro·

320 1665 462 1746 gandam
481 1664 676 1748 reliquimus.

423 1768 488 1833 159.
529 1762 580 1828 De
599 1764 809 1828 admonit-ione
829 1765 1033 1828 sacerdotnm.
1074 1765 1118 1829 Ut
1138 1767 1312 1830 sacerdotes
1334 1767 1525 1830 admoneant
1546 1768 1713 1852 populum,
1734 1774 1771 1831 ut
1791 1767 1928 1832 elimosi-

322 1889 395 1933 nam
422 1870 497 1933 dent
526 1876 557 1933 51
590 1871 746 1932 orationes
779 1868 897 1931 faciant
922 1888 978 1951 pro
1012 1867 1145 1932 diversis
1174 1869 1274 1953 plagis
1306 1887 1386 1952 quas
1414 1869 1541 1933 assidua
1568 1889 1623 1953 pro
1650 1871 1927 1953 peccatisnostris

282 1991 309 2030 15
321 1973 466 2055 patimur.

424 2076 489 2139 160.
530 2069 582 2135 De
595 2072 831 2153 praetimtione
850 2072 894 2135 ad
907 2070 1035 2153 plebem.
1078 2071 1121 2137 Ut
1141 2074 1201 2156 ipsi
1224 2072 1398 2136 sacerdotes
1410 2074 1633 2157 unusquisque
1649 2073 1825 2137 secundum
1845 2072 1927 2136 ordi·

324 2195 397 2239 nem
421 2195 517 2240 snum
537 2176 715 2259 praedicare
736 2182 767 2239 et
787 2177 897 2240 docere
918 2176 1042 2239 studeat
1061 2174 1184 2259 plebem
1205 2174 1265 2239 sibi
1287 2176 1497 2239 commissam

424 2279 490 2342 161.
533 2273 584 2339 De
604 2276 755 2339 ebrietate.
796 2275 844 2340 De
864 2276 1026 2358 ebrietate,
1048 2283 1085 2341 ut
1104 2278 1364 2360 primoomnium
1383 2277 1722 2360 senioressemetipsos
1742 2277 1856 2340 exinde
1875 2295 1925 2340 ca·

324 2386 416 2443 15551
436 2386 467 2443 51
487 2398 598 2443 eorum
619 2378 798 2443 iunioribus
819 2379 1001 2463 exemplam
1024 2379 1144 2443 bonum
1166 2379 1341 2443 sobrietatis
1362 2379 1536 2442 ostendant

280 2499 307 2538 ao
426 2482 488 2544 162.
530 2477 581 2543 De
608 2480 818 2543 admonitione
837 2480 882 2543 ad
907 2499 1018 2543 onnes.
1066 2481 1269 2545 Admonendi
1294 2487 1369 2544 sunt
1401 2499 1512 2544 omnes
1536 2481 1724 2564 generaliter
1749 2481 1926 2545 secundum

321 2582 540 2666 euangelicam
560 2584 789 2659 auctoritatem,
817 2590 854 2646 ut
875 2583 921 2647 sic
940 2582 1066 2648 luceant
1086 2602 1180 2667 opera
1199 2601 1304 2646 555551
1324 2581 1404 2645 oona
1424 2602 1530 2646 coram
1552 2582 1750 2662 hominibus,
1776 2588 1812 2646 ut
1831 2582 1925 2666 glori-

319 2680 552 2757 5555111555,
575 2686 629 2768 qni
650 2686 683 2748 15
705 2684 798 2748 555115
819 2686 889 2750 est‘¹

895 2822 1163 2921 [1555511155
1185 2824 1350 2922 primae.⁰

595 3301 786 3400 Incipit
818 3300 1223 3398 praefatiuncula
1250 3300 1649 3376 156511555555515]

280 3497 307 3536 aa
420 3461 608 3558 Sapinia
629 3459 754 3557 primo
779 3458 869 3531 libro
896 3457 1053 3555 capitata
1080 3456 1309 3531 ecclesiactica
1337 3485 1427 3557 qaae
1453 3459 1604 3531 dotianus
1629 3459 1825 3556 imperator

322 3582 482 3657 Karalus
504 3581 814 3680 sermocinanti*
864 3581 911 3653 ln
937 3579 1001 3652 boc
1026 3607 1108 3652 aero
1135 3578 1365 3652 ecelesiastica
1395 3607 1486 3677 qaae
1519 3580 1669 3653 domnas
1695 3579 1926 3655 Hiadoaicas

554 3730 678 3777 caesar·
703 3703 907 3801 piissimash
935 3715 966 3775 at
992 3700 1206 3774 Hiotbam'as
1231 3701 1428 3798 impoator
1449 3700 1551 3800 flbns
1575 3703 1691 3800 ipsias

826 3825 1027 3897 edideranth
1059 3823 1244 3922 descripsi¹
1276 3821 1407 3896 libella*

863 4070 1117 4166 Incipiunt
1152 4068 1379 4167 capitolo.

278 4243 306 4282 ao
323 4228 348 4289 1.
393 4221 595 4286 Praetooutio.
1249 4221 1419 4302 imperator
1438 4222 1492 4298 sit,
1522 4227 1550 4286 et
1576 4243 1681 4287 555155
1704 4223 1810 4304 fideles
1834 4225 1928 4289 adia-

320 4327 346 4390 2.
387 4322 438 4388 De
463 4323 573 4387 divina
593 4324 795 4405 providentia
822 4325 859 4387 in
884 4323 1099 4388 constitutione
1250 4326 1328 4386 tores
1348 4323 1459 4403 ipsios.

417 4424 523 4488 555151
543 4426 740 4506 imperatoris
765 4426 851 4490 etde
869 4426 1098 4489 consonatione
1146 4427 1174 4490 4.
1195 4420 1246 4487 De
1277 4444 1365 4488 sacro
1392 4424 1565 4490 ministerio
1593 4427 1803 4508 epa'saoporam
1833 4430 1862 4490 et
1890 4427 1929 4492 de

417 4527 514 4589 triam
533 4526 750 4608 capitulorum.
1248 4528 1468 4590 ammonitione
1504 4527 1610 4591 domm
1648 4528 1845 4608 imperatoris
1883 4530 1927 4593 ad

316 4634 345 4697 3.
387 4627 438 4693 De
455 4629 510 4693 boe
524 4629 606 4710 qnod
616 4629 792 4693 admonitor
804 4629 946 4709 fideliam
964 4629 1096 4693 5515555
1246 4629 1408 4709 55155555.

276 4929 305 4969 ⁸⁶
420 4923 449 4990 5)
471 4924 581 4978 tertiam
595 4924 629 4977 ad
644 4924 711 4980 aeid.
726 4924 807 4976 codd.
824 4921 956 4975 norrnalli.
1006 4918 1036 4986 1))
1057 4927 1085 4973 51
1101 4920 1143 4987 ad,
1156 4919 1524 4988 velundead,oetadcodd.
1537 4919 1667 4975 nonnulli.
1719 4920 1747 4986 c)
1764 4920 1926 4975 ctdenonn.

320 5005 403 5058 codd.
487 5003 515 5073 11)
540 5003 653 5057 Codices
667 5002 953 5056 Cantabriam-Homo.
967 5000 1013 5068 83,
1025 4999 1137 5053 1115555.
1150 4997 1237 5067 3853,
1250 4997 1383 5052 Sohlettat.
1396 5007 1422 5052 et
1434 4999 1524 5051 Paria.
1538 4998 1625 5067 3878,
1639 5000 1701 5052 item
1714 4999 1835 5054 Haroldi
1843 5001 1927 5054 editio

322 5085 365 5138 iric
379 5086 487 5137 addant
500 5084 659 5137 decretalem
671 5081 797 5151 Siriciit,
811 5083 850 5135 ita
860 5083 975 5135 55115511
988 5080 1032 5135 De
1045 5079 1184 5150 coniugali
1196 5079 1334 5134 volatione
1343 5077 1446 5150 (aaa.
1458 5095 1509 5132 om.
1520 5096 1543 5132 5.
1557 5074 1658 5153 Cart.)
1679 5078 1723 5134 De
1734 5080 1874 5153 coniugali
1880 5099 1928 5136 an·

322 5174 378 5219 tem
395 5165 535 5220 velatione
552 5159 680 5238 (car-ripa
697 5163 857 5233 violatione)
876 5160 1024 5233 requisisti,
1042 5160 1065 5214 si
1084 5160 1275 5230 desponsatam
1289 5159 1338 5214 alii
1353 5159 1475 5230 puellam
1488 5159 1559 5213 alter
1575 5159 1603 5212 in
1621 5159 1827 5215 matrimonium
1841 5161 1930 5232 555511

321 5245 470 5316 accipere?
506 5244 568 5300 Hoc
586 5262 621 5300 55
638 5242 687 5298 fiat
701 5243 790 5298 modis
807 5242 937 5298 omnibus
949 5240 1119 5310 inhibemus,
1133 5238 1199 5310 qaia
1213 5239 1262 5294 illa
1279 5239 1446 5309 benedictio,
1462 5256 1545 5310 quam
1558 5246 1661 5310 nuptae
1672 5241 1799 5296 sacerdos
1810 5240 1930 5312 imponit

279 5339 308 5378 15
323 5325 399 5394 apud
411 5323 515 5393 fideles,
528 5325 668 5380 cuiusdam
683 5322 821 5394 sacrilegii
832 5322 918 5376 instar
931 5326 981 5390 eat,
995 5320 1018 5375 si
1030 5320 1088 5375 ulla
1101 5319 1316 5390 transgressione
1327 5320 1453 5375 violetur.
1482 5317 1542 5387 Cfr.
1556 5337 1640 5391 sopra
1646 5337 1713 5391 pao.
1723 5319 1770 5391 57,
1781 5339 1806 5375 5.
1814 5320 1860 5376 51.
1893 5321 1928 5375 In

324 5405 517 5458 codiaePan'a.
530 5404 627 5458 10758
644 5405 775 5457 recentior·
791 5421 887 5456 nraaaa
904 5401 1015 5454 addr'dit
1027 5401 1071 5453 lie
1088 5399 1199 5471 capati>
1211 5417 1294 5471 supra
1309 5417 1371 5472 pag.
1381 5398 1439 5453 334
1454 5400 1566 5456 editum.
1633 5399 1660 5470 5)
1679 5401 1719 5454 ita
1729 5402 1929 5474 5555555515

322 5484 451 5554 plurimis
464 5485 609 5540 5551151155.
679 5482 704 5552 t)
725 5483 828 5554 Incipit
842 5481 978 5552 praefatio
990 5481 1053 5535 libri
1065 5480 1178 5535 secundi
1191 5479 1291 5535 salicae
1301 5479 1371 5552 legis
1384 5481 1445 5533 aad.
1456 5479 1608 5551 Sakastan.
1681 5479 1713 5553 g)
1733 5483 1853 5537 adunata
1864 5488 1930 5536 sant

325 5566 407 5617 codd.
420 5566 579 5635 complores.
650 5563 680 5633 h)
699 5565 738 5616 ita
749 5565 831 5616 cedd.
840 5564 948 5633 primae
958 5562 1066 5630 515555,
1081 5561 1222 5632 piissimus
1232 5559 1326 5628 edidit,
1340 5579 1393 5614 om.
1405 5567 1434 5617 et
1442 5560 1491 5615 111.
1502 5561 1568 5632 imp.
1580 5559 1618 5616 fil.
1629 5561 1692 5633 ips,
1702 5563 1784 5616 codd.
1797 5563 1930 5616 amandae

323 5645 426 5698 5155515.
487 5644 508 5715 1)
528 5643 932 5715 adnotatasuntaodd.aampt.

388 5757 430 5796 nn.
450 5757 634 5796 enarrantem
655 5755 675 5797 r.
1688 5738 1722 5791 53
