4380 6248
271 365 332 430 438
827 366 1000 425 ANSEGISI
1022 366 1316 424 CAPITULARIUM

271 544 372 608 fectus
392 551 440 608 est
461 543 582 628 absque
601 544 817 627 conpositione
837 544 952 608 iaceat:
975 555 1032 608 ao·
1053 544 1166 608 deinde
1177 544 1357 607 interfector
1377 542 1555 606 secundum
1577 542 1733 606 iudicium
1754 545 1887 607 canoni·

273 666 344 710 cnm
367 666 541 730 congruam
559 646 691 709 facinori
712 645 798 728 quod
821 646 948 709 admisit
965 647 1192 730 poenitentiam
1220 646 1398 728 accipiat2l.
1440 643 1474 708 Si
1500 646 1665 728 propriuse
1692 663 1807 708 servus
1826 645 1886 708 hoc

272 750 478 826 commiserit,
498 748 615 812 iudicio
628 766 730 831 aquae
739 747 890 812 ferventis
900 750 1113 826 examinetur,
1135 755 1243 812 utrum
1255 747 1313 810 hoc
1325 751 1436 829 sponte
1456 767 1499 809 an
1521 766 1555 809 se
1575 746 1773 811 defendendo
1793 746 1887 811 fecis·

272 857 327 913 set
367 849 409 913 Et
429 852 456 913 si
477 869 592 913 manus
614 851 683 914 eius
703 857 816 913 exusta
837 849 944 929 fuerit,
970 850 1191 927 interficiatur,
1221 849 1268 912 sid
1289 854 1394 912 autern
1416 867 1481 911 non
1502 848 1614 928 fuerit,
1642 848 1794 913 dominus
1815 850 1886 913 eius

272 954 361 1016 iuxta
382 953 466 1036 quod
488 952 670 1035 wirgilduse
691 952 778 1016 illius
799 959 846 1016 est
859 953 899 1015 ad
911 953 1073 1017 ecclesiam
1085 951 1244 1035 persolvat
1256 955 1312 1014 aut
1330 969 1420 1029 eum,
1441 952 1467 1014 si
1490 951 1640 1031 voluerit,
1660 951 1764 1015 eidem
1785 951 1886 1016 eecle-
1912 974 1927 1013 1

272 1054 337 1118 siae
358 1054 484 1118 tradatl.
525 1051 588 1117 Des
612 1055 820 1118 ecclesiastico
848 1060 879 1118 et
905 1054 1048 1118 fiscalino
1076 1060 1107 1118 et
1135 1052 1335 1117 beneficiario
1362 1072 1453 1134 servo
1476 1053 1645 1131 volumus,
1673 1062 1709 1116 ut
1734 1072 1792 1136 pro
1819 1072 1885 1116 una

272 1158 340 1220 vice
361 1156 524 1239 wirgildus
545 1157 615 1220 eius
637 1175 693 1239 pro
713 1175 750 1219 eo
771 1162 982 1238 conponatur,
1008 1156 1104 1220 altera
1126 1156 1194 1218 rice
1215 1156 1283 1238 ipse
1308 1174 1420 1218 servus
1441 1155 1480 1217 ad
1502 1155 1693 1238 supplicium
1716 1154 1862 1218 tradatur
1870 1158 1885 1216 ¹.

271 1257 439 1322 Hereditas
460 1266 565 1322 tamen
586 1258 677 1321 liberi
698 1259 834 1322 hominis
859 1260 915 1342 qui
936 1264 1062 1342 propter
1083 1258 1146 1321 tale
1172 1257 1296 1321 facinus
1323 1256 1362 1319 ad
1383 1271 1517 1321 mortem
1542 1256 1638 1320 fuerit
1658 1256 1821 1321 iudicatus
1842 1257 1882 1320 ad

272 1360 428 1443 legitimos
449 1360 580 1424 heredes
598 1360 685 1424 illius
707 1362 874 1443 perveniat
918 1360 951 1425 Si
972 1360 1403 1439 11111110111111111,1111111ς
1424 1364 1513 1443 porta
1532 1360 1677 1442 reliquiis
1698 1365 1884 1423 sanctorum

272 1470 454 1526 consecrata
481 1469 558 1536 estss,
587 1463 806 1526 huiuscemodi
834 1463 1040 1527 homicidium
1068 1468 1280 1547 perpetratum
1310 1462 1420 1541 fuerit,
1450 1460 1546 1525 simili
1573 1461 1668 1525 modo
1695 1461 1886 1525 emendetur
1899 1481 1925 1522 ιο

272 1565 321 1629 vel
344 1571 557 1649 conponatur,
589 1566 615 1628 si
636 1584 711 1628 vero
732 1571 822 1648 porta
843 1566 992 1630 ecelesiae
1015 1585 1079 1629 non
1101 1571 1150 1629 est
1169 1569 1367 1644 consecrata,
1394 1582 1432 1627 eo
1460 1563 1552 1627 modo
1576 1569 1776 1647 conponatur
1797 1564 1885 1647 quod

271 1668 306 1729 in
327 1669 405 1730 atrio
426 1668 647 1732 committitur.
668 1668 750 1730 siout
770 1669 905 1750 conponi
926 1668 1017 1732 debet
1038 1668 1123 1751 quod
1144 1669 1176 1731 in
1197 1668 1398 1731 immunitate
1419 1666 1535 1730 violata
1554 1666 1773 1730 committitur.

374 1771 420 1834 11.
463 1767 510 1832 De
531 1770 658 1832 iniuriis
680 1769 876 1834 sacerdotnm
897 1768 943 1832 vel
963 1768 1168 1850 quorumlibet
1197 1789 1234 1832 ex
1254 1768 1333 1832 clero
1359 1771 1393 1833 in
1414 1769 1546 1833 ecclesia
1563 1768 1662 1832 factis
1709 1768 1886 1853 Sanguinis

272 1871 382 1935 effusio
402 1873 435 1934 in
456 1871 588 1934 ecclesia
611 1871 785 1935 saetacum
814 1872 911 1952 fuste,
940 1874 966 1936 si
994 1873 1147 1956 presbiter
1172 1873 1282 1951 fuerit,
1308 1872 1401 1956 triplo
1429 1877 1640 1955 conponatur:
1669 1871 1751 1935 duas
1779 1877 1887 1954 partes

272 1973 374 2037 eidem
393 1971 589 2056 presbytero,
616 1975 707 2036 tertia
728 1994 783 2058 pro
804 1974 891 2038 fredo
912 1975 952 2038 ad
974 1975 1152 2056 ecclesiam,
1180 1976 1330 2059 insuperl
1353 1975 1478 2037 bannus
1501 1979 1615 2037 noster.
1656 1972 1821 2038 Similiter¹
1844 1974 1884 2038 de
1899 1996 1925 2037 11

271 2077 402 2139 diacono
431 2076 522 2138 iuxta
550 2077 798 2159 conpositionem
826 2079 897 2141 eius
923 2079 958 2140 in
985 2077 1078 2161 triplo
1112 2096 1184 2140 curn
1215 2077 1321 2140 banno
1358 2083 1465 2139 nostro
1493 2081 1704 2158 conponatur,
1740 2075 1781 2140 de
1809 2075 1886 2139 sub·

271 2178 404 2241 diacono
428 2178 572 2241 similiter
593 2179 627 2240 in
650 2178 741 2261 triplo
761 2180 938 2243 secundum
958 2199 1051 2243 suam
1071 2180 1336 2262 conpositionem,
1362 2184 1394 2242 et
1421 2178 1459 2241 de
1481 2179 1737 2261 uniuscuiusque
1757 2178 1882 2242 ordinis

271 2280 383 2343 clerico
416 2280 591 2343 secundum
621 2300 713 2346 suam
744 2284 992 2366 conpositionem
1024 2282 1116 2366 triplo
1150 2281 1346 2364 persolvatur
1379 2286 1410 2345 et
1440 2282 1571 2363 insuper
1603 2278 1732 2343 bannus
1765 2289 1882 2344 noster.

271 2382 421 2447 Similiter
441 2387 473 2445 et
493 2382 531 2446 de
552 2384 617 2446 ictu
639 2384 707 2446 sine
728 2381 893 2463 sanguinis
915 2380 1068 2444 effusione
1089 2379 1128 2442 de
1149 2380 1405 2462 uniuscuiusque
1427 2381 1546 2446 ordinis
1567 2382 1680 2446 clerico
1702 2383 1883 2447 secundnm

270 2505 361 2548 suam
381 2485 630 2566 conpositionem
651 2484 743 2567 triplo
764 2488 795 2546 et
815 2481 940 2546 bannus
960 2489 1073 2546 noster.
1114 2480 1156 2546 Et
1177 2484 1233 2565 qui
1253 2502 1318 2545 non
1338 2483 1433 2546 habet
1457 2485 1543 2548 unde
1563 2485 1603 2548 ad
1624 2485 1793 2550 ecclesiam
1814 2505 1883 2570 per-
1896 2510 1922 2548 ro

271 2586 386 2664 solvat,
409 2585 511 2648 tradat
530 2605 564 2649 se
584 2587 618 2648 in
641 2586 805 2649 servitium
826 2584 927 2648 eidem
948 2584 1110 2663 ecclesiae,
1138 2604 1242 2668 usque
1263 2584 1341 2648 dum
1361 2590 1464 2649 totum
1487 2586 1630 2650 debitum
1651 2586 1843 2671 persolvat*⁸

372 2693 417 2755 15.
460 2687 507 2752 De
529 2689 645 2765 viduiS,
666 2687 794 2772 pupillis
806 2693 836 2750 et
847 2686 1047 2771 pauperibus.
1091 2684 1321 2766 Praecipitatus,
1346 2693 1382 2751 ut
1402 2688 1670 2772 quandocumque
1691 2691 1727 2752 in
1748 2690 1881 2754 mallum

271 2799 343 2856 ante
364 2794 510 2856 comitem
533 2790 663 2866 viduae,
692 2787 810 2868 pupilli
830 2792 859 2852 ef
872 2808 1032 2868 paupers
1049 2791 1204 2868 venerint,
1225 2791 1326 2874 pn'mo
1346 2809 1456 2854 eorum
1472 2811 1568 2854 causa
1587 2791 1738 2855 aridiatur
1755 2799 1788 2856 et
1809 2794 1884 2857 deli·

271 2894 384 2956 niatur.
425 2893 511 2957 Etsi
533 2898 628 2957 testes
648 2911 705 2977 per
727 2911 760 2955 se
781 2892 820 2955 ad
846 2911 958 2955 causas
984 2912 1059 2955 suas
1086 2892 1283 2974 quaerendas
1306 2891 1420 2955 habere
1440 2912 1504 2956 non
1525 2895 1686 2977 potuerint
1707 2894 1761 2958 vel
1780 2894 1879 2978 legem

270 2997 455 3076 nescierint,
477 2997 594 3059 comes¹
615 2995 686 3058 illos
702 2995 751 3058 vel
771 2994 994 3075 illasadiuvet,
1013 2994 1116 3057 dando
1128 2995 1174 3057 eis
1193 2993 1460 3059 talemhominem
1480 2997 1568 3078 quia¹
1589 2998 1745 3060 rationem
1768 3015 1880 3060 eorum
1894 3018 1918 3057 u

270 3102 375 3162 teneat
395 3098 444 3161 rel
465 3118 521 3181 pro
542 3099 588 3161 eis
609 3097 766 3180 loquatur.

373 3202 418 3264 lti.
461 3197 508 3263 De
528 3204 620 3283 raptu
647 3200 823 3262 viduarum.
865 3197 926 3274 Qui
953 3199 1082 3262 viduam
1109 3200 1192 3262 intra
1218 3201 1337 3283 primos
1362 3202 1490 3283 triginta
1516 3201 1583 3264 dies
1609 3201 1776 3266 viduitatis
1804 3221 1880 3266 suae

270 3301 320 3364 vel
340 3303 472 3365 inritam
494 3300 545 3365 vel
564 3302 721 3366 volentem
744 3300 804 3364 sibi
825 3301 1033 3385 copulaverit,
1061 3300 1205 3364 bannum
1231 3309 1376 3366 nostrum
1397 3303 1430 3365 id
1451 3309 1499 3366 est
1519 3304 1686 3387 sexaginta
1706 3305 1826 3368 solidos
1846 3306 1878 3366 in

270 3404 362 3487 triplo
384 3412 556 3488 conponat;
581 3411 612 3467 et
633 3405 659 3467 si
681 3405 816 3467 invitam
838 3422 907 3467 eam
928 3404 1034 3483 duxit,
1054 3403 1157 3487 legem
1177 3423 1269 3467 suam
1295 3406 1325 3468 ei
1346 3412 1518 3488 conponat,
1539 3405 1626 3469 illam
1647 3424 1723 3469 vero
1746 3407 1880 3471 ulterius

272 3525 335 3569 non
357 3506 507 3589 adtingat.
1891 3528 1916 3568 a

372 3610 417 3672 11.
459 3606 507 3672 De
528 3609 656 3672 homine
677 3608 837 3693 publicam
858 3609 1084 3693 poenitentiam
1103 3614 1215 3690 agente
1236 3608 1407 3672 interfecto.
1451 3607 1512 3684 Qui
1534 3610 1696 3673 hominem
1717 3610 1880 3694 publicam

270 3711 524 3794 poenitentiamln
550 3716 696 3794 agentem
716 3711 923 3790 interfecerit,
949 3710 1093 3773 bannum
1123 3717 1268 3775 nostrum
1289 3713 1323 3774 in
1346 3711 1438 3795 triplo
1459 3718 1617 3794 conponat
1643 3719 1674 3777 et
1696 3714 1877 3797 wirgildum

270 3814 339 3876 eius
362 3814 517 3897 proximis
539 3809 609 3877 eius
632 3813 797 3897 persolvat.

372 3917 417 3981 18.
460 3912 511 3977 De
530 3913 653 3977 immine
673 3912 778 3989 libero,
806 3916 863 3976 111Β
884 3920 1067 3998 potestatem
1090 3914 1216 3995 habeat,
1237 3914 1432 3999 ubicumque
1451 3915 1601 3995 voluerit,
1626 3935 1677 3980 res
1699 3936 1776 3981 suas
1798 3918 1878 3991 dare,

270 4022 319 4081 et⁰
342 4017 476 4100 qualiter
495 4018 554 4081 hoc
572 4018 674 4081 facere
695 4015 848 4081 debeat¹¹⁰.
895 4016 950 4082 Sil
972 4019 1044 4101 quis
1065 4037 1116 4081 res
1136 4037 1211 4082 suas
1236 4038 1293 4102 pro
1323 4018 1424 4082 salute
1443 4018 1567 4081 animae
1593 4038 1671 4083 suae
1692 4019 1743 4083 111
1763 4021 1804 4083 ad
1825 4021 1916 4086 ali-u

271 4137 366 4202 quern
389 4118 598 4183 venerabilem
620 4119 726 4182 locum
752 4119 803 4184 vel
832 4121 1009 4204 propinquo
1030 4139 1089 4183 suo
1111 4119 1161 4183 vel
1182 4119 1311 4184 cuilibet
1331 4120 1419 4183 alteri
1441 4120 1581 4184 traderel
1608 4120 1761 4201 voluerit,
1788 4130 1819 4187 et
1842 4142 1879 4187 eo

268 4228 409 4302 tempore
429 4221 512 4282 intra
533 4222 639 4304 ipsum
661 4224 845 4286 comitatum
867 4222 961 4285 fuerit
980 4223 1013 4284 in
1025 4241 1089 4305 quo
1101 4241 1152 4285 res
1161 4222 1234 4286 illae
1244 4223 1364 4306 positae
1377 4228 1467 4300 sunt,
1486 4223 1658 4305 legitimam
1675 4224 1877 4289 traditionem

269 4322 370 4386 facere
392 4321 522 4385 studeat
559 4320 678 4397 Quodsi
700 4325 810 4387 eodem
831 4333 970 4408 tempore
992 4344 1055 4407 quo
1076 4323 1146 4387 illas
1174 4324 1295 4388 tradere
1323 4324 1393 4387 vult
1419 4329 1508 4387 extra
1532 4325 1668 4389 eundem
1690 4328 1876 4392 comitatum

369 4596 398 4667 a)
421 4597 455 4649 In
467 4599 560 4649 cadmo
571 4598 664 4651 codice
675 4598 741 4650 boec
753 4598 792 4650 ito
804 4607 958 4652 vomuntur:
971 4617 1003 4654 ac
1012 4600 1182 4666 interfector,
1194 4601 1268 4672 quod
1280 4602 1337 4655 tole
1347 4600 1456 4656 facinus
1469 4596 1780 4671 commisit'secundum
1797 4622 1878 4659 cano·

269 4677 351 4732 nibus
364 4677 563 4747 poenitentiam
574 4685 644 4749 ngat
685 4674 717 4750 b)
741 4677 832 4731 deaa
839 4679 972 4750 aretam.
984 4699 1002 4732 (1
1010 4680 1127 4733 Balearic
1142 4681 1280 4734 addubitas
1292 4681 1389 4734 addit:
1404 4681 1485 4736 idest
1499 4681 1669 4737 annisXXI:
1678 4682 1734 4738 vn
1748 4702 1783 4738 ex
1795 4684 1878 4738 bisin
1889 4701 1915 4740 11

269 4775 340 4827 pane
352 4765 381 4812 et
392 4775 466 4828 aqua
477 4759 511 4811 ad
525 4758 625 4812 ostium
639 4758 774 4813 ecelesiae
790 4759 950 4828 satisfaciat,
968 4766 1091 4814 remotus
1103 4761 1140 4816 ab
1158 4761 1283 4815 oratione
1299 4767 1328 4816 et
1343 4761 1539 4817 communione
1550 4760 1690 4833 fidelium,
1707 4764 1877 4819 ceteroeVII

268 4838 390 4893 societur
396 4838 515 4893 orationi
526 4836 665 4904 fidelium3
678 4845 833 4893 transactos
844 4839 891 4909 qui
904 4840 1109 4911 supersuntVII
1121 4842 1346 4896 communionem
1354 4841 1464 4912 plenam
1473 4841 1597 4913 perfecte
1607 4843 1801 4914 subsequatur.
1822 4844 1878 4900 Ab

268 4918 401 4973 atinentia
411 4919 470 4973 eius
483 4918 646 4974 sacerdotali
659 4919 834 4990 providentia
849 4926 1026 4989 temperetur.
1110 4918 1136 4990 1)
1157 4922 1230 4975 deest
1241 4921 1375 4974 Selleuat.
1457 4921 1486 4989 (1)
1506 4923 1542 4975 In
1555 4924 1617 4976 cod.
1629 4921 1767 4978 8111111111.
1778 4926 1835 4977 sle.-
1850 4932 1878 4980 et

269 4997 397 5052 dominus
409 4999 468 5053 eins
479 4999 502 5052 si
513 4999 590 5068 velit,
600 5005 649 5053 aut
658 5000 779 5054 werdum
794 5007 844 5053 out
855 4999 945 5071 ipsum
962 5001 1095 5055 ecclesiae
1102 5001 1199 5055 tradat
1228 5000 1284 5055 Pro
1293 5019 1348 5056 uno
1358 5001 1547 5057 ecclesiastico
1560 5003 1604 5058 vel
1616 5001 1744 5058 fiscalino
1754 5012 1785 5060 et
1795 5005 1877 5060 bene·

268 5074 363 5130 ficario
372 5096 451 5132 servo
461 5079 589 5133 volumus
600 5096 685 5132 unum
697 5080 818 5134 werdum
830 5080 945 5148 tradere,
955 5087 1004 5134 aut
1014 5079 1105 5151 ipsum
1116 5081 1253 5152 supplicio
1265 5082 1380 5136 tradere.
1432 5080 1458 5152 e)
1470 5082 1630 5153 itaplun'mi
1639 5091 1664 5138 11
1674 5085 1773 5156 optinui
1779 5087 1861 5139 cedd.
1870 5105 1878 5155 ς
1887 5112 1915 5152 45

269 5156 320 5208 (1111
330 5158 439 5210 variant
451 5159 573 5212 similiter
587 5176 620 5211 oc
626 5178 691 5229 paq.
701 5159 766 5213 281.
778 5167 833 5212 aot.
846 5159 870 5214 k.
930 5160 956 5221 f)
977 5160 1021 5214 De
1034 5178 1117 5230 oeque
1127 5161 1252 5215 tradatur
1261 5163 1358 5214 (1111111
1372 5162 1400 5214 111
1412 5162 1549 5216 minutae
1559 5165 1641 5217 codd.
1693 5163 1724 5237 g)
1746 5166 1827 5220 cuiue
1840 5194 1875 5206 —

270 5243 311 5289 est
323 5254 374 5288 om.
388 5239 470 5290 codd.
478 5238 610 5291 1111111111.
651 5238 682 5308 h)
694 5247 723 5294 et
734 5240 786 5294 ins.
792 5241 909 5310 plurimi
916 5241 996 5294 cedd
1036 5241 1057 5311 i)
1072 5239 1217 5311 Sequentia
1228 5241 1354 5295 1101111111
1362 5243 1444 5295 codd.
1455 5243 1700 5298 earieobbreos'ant.
1746 5245 1779 5318 k)
1790 5246 1878 5301 coda

268 5315 333 5370 Por.
346 5315 465 5372 letan.
482 5317 811 5373 11107581111111111111
828 5321 888 5374 loco
903 5328 987 5391 caput
1003 5323 1080 5391 (qimi
1090 5323 1159 5375 Bere.
1169 5322 1255 5375 11111.
1268 5321 1293 5387 Ι,
1308 5321 1364 5375 186
1381 5330 1523 5393 receptum.
1558 5324 1619 5394 er.
1637 5343 1723 5396 cupre
1735 5334 1816 5380 notor
1829 5328 1879 5380 1111

264 5397 322 5463 fiae
336 5396 400 5449 libri
408 5399 527 5451 11111111.
568 5397 589 5467 1)
610 5399 722 5454 adiuret
734 5400 790 5455 illis
803 5417 897 5456 comes
910 5406 939 5455 et
948 5407 1071 5472 praestet
1082 5401 1137 5456 illie
1148 5408 1206 5457 tam
1222 5402 1367 5473 loquacem
1382 5401 1532 5473 hominem,
1546 5405 1595 5475 qui
1609 5407 1805 5463 tantummodo
1815 5408 1877 5462 eod.

269 5473 402 5530 81111111.
471 5476 510 5547 m)
530 5478 620 5547 qlouc
631 5479 716 5535 chara
726 5498 862 5550 eumaem.
874 5481 902 5534 in
913 5481 973 5535 cod
985 5479 1119 5535 Sellettrt.
1193 5480 1223 5551 ιι)
1243 5480 1364 5554 qualiter
1376 5499 1420 5537 rea
1434 5500 1497 5538 suas
1511 5484 1577 5541 dare
1587 5485 1694 5541 debeat
1703 5503 1728 5539 o.
1741 5486 1878 5542 8111111111.
1888 5506 1916 5549 ee

269 5558 298 5625 o)
319 5562 389 5612 11...
404 5556 505 5613 debeat
516 5575 568 5617 om.
579 5561 639 5614 cort
649 5557 821 5631 8111111111.)
833 5577 926 5615 eonem
935 5560 995 5615 loeo
1007 5578 1058 5632 pro
1070 5562 1160 5617 salute
1169 5562 1279 5618 animae
1294 5579 1360 5618 auae
1373 5564 1433 5618 cod.
1448 5561 1543 5618 Goth*
1603 5563 1634 5637 p)
1658 5565 1729 5620 Ood.
1741 5565 1878 5623 81111111.

267 5634 368 5692 stessi
383 5655 409 5708 q.
421 5636 493 5693 liber
504 5655 525 5694 r.
539 5657 560 5692 1.
571 5656 621 5709 pro
632 5656 656 5695 a
670 5639 759 5695 salute
772 5640 817 5696 vel
831 5642 867 5696 ad
880 5640 1027 5697 eeclesiam
1038 5640 1083 5697 vel
1096 5660 1123 5713 p.
1135 5660 1185 5698 suo
1197 5642 1312 5698 tradere.
