4380 6248
833 379 977 434 KAROLI
999 379 1124 434 MAGNI
1146 379 1414 437 CAPITULARIA.
1886 378 1927 441 93

413 563 443 627 5.
484 560 529 626 Ut
555 563 673 626 sancus
698 560 838 625 ecclesiis
858 558 916 624 Dei
944 579 1050 643 neque
1069 561 1177 625 viduis
1200 580 1304 644 neque
1325 562 1474 645 orphanis
1496 580 1601 644 noque
1622 562 1794 645 peregrinis
1814 561 1924 625 fraude

313 664 365 728 vel
390 665 534 749 rapinam
559 664 609 729 vel
636 663 749 747 aliquit
773 664 909 726 iniuriae
937 663 1010 745 quis
1043 661 1144 727 facere
1171 671 1347 746 presumat3
1377 666 1453 747 quia
1484 665 1550 747 ipse
1582 664 1719 727 domnus
1745 665 1924 747 imperator,

314 776 387 848 post
406 764 537 830 Domini
557 772 589 830 et
611 767 728 829 sanctis
753 767 839 846 eius,
860 766 985 828 eorumi
1008 769 1040 829 et
1059 771 1214 847 protector
1234 773 1265 829 et
1286 766 1431 829 defensor
1449 785 1518 829 esse
1536 768 1728 829 constitutus
1749 772 1803 830 est

417 870 445 934 6.
487 866 531 932 Ut
551 867 741 932 beneficium
757 867 866 930 domni
883 867 1082 950 imperatoris
1100 866 1256 931 desertare
1273 886 1367 931 nemo
1380 867 1508 949 audeat,
1528 869 1687 951 propriam
1703 888 1794 931 suam
1811 867 1926 931 exinde

282 977 505 1035 occnstruera

417 1074 444 1137 7.
485 1072 528 1137 Ut
554 1071 644 1137 ostile
668 1071 812 1136 bannum
839 1072 947 1135 domni
975 1073 1156 1155 imperatori
1184 1091 1278 1135 nemo
1301 1075 1528 1155 pretermittere
1550 1079 1725 1156 presumat,
1754 1072 1927 1155 nullusque

314 1175 435 1239 comislt
464 1181 528 1238 tam
553 1175 801 1258 presumtiosum
828 1175 883 1253 sit,
912 1182 947 1238 ut
967 1173 1085 1238 ullum¹
1106 1174 1145 1237 de
1173 1175 1222 1237 his
1252 1175 1307 1257 qui
1328 1174 1453 1238 hostem
1474 1176 1576 1239 facero
1597 1174 1691 1238 debiti
1714 1180 1789 1238 sant
1811 1175 1926 1237 exinde

314 1277 365 1340 vel
386 1277 493 1361 aliqua
506 1278 777 1362 propinquitatism
798 1276 1013 1341 defensionem
1022 1276 1071 1340 vel
1089 1279 1182 1339 cuius
1199 1277 1342 1340 muneris
1359 1278 1570 1341 adolationem
1588 1278 1745 1341 dimittere
1760 1277 1904 1340 audeant,

415 1381 443 1444 8.
485 1379 528 1444 Ut
552 1378 679 1443 nullum
705 1379 848 1443 bannum
878 1378 927 1442 vel
953 1383 1137 1462 preceptum
1164 1378 1272 1441 domni
1296 1380 1476 1462 imperatori
1503 1379 1611 1442 nullas
1632 1380 1762 1441 omnino
1784 1380 1816 1441 in
1838 1378 1927 1441 nullo

269 1498 297 1534 1⁰
316 1483 448 1545 marrire
469 1487 665 1567 praesumat,
693 1500 798 1564 neque
821 1501 902 1565 opus
923 1482 993 1545 eius
1015 1482 1145 1543 tricare¹¹
1176 1480 1226 1544 vel
1246 1482 1387 1565 inpedire
1408 1482 1458 1546 vel
1480 1485 1624 1545 minuere
1646 1482 1694 1545 vel
1716 1483 1749 1545 in
1771 1482 1832 1545 alia
1852 1500 1926 1544 con·

315 1584 432 1647 travius
454 1582 538 1647 fierit
574 1582 730 1647 voluntati
752 1582 803 1646 vel
830 1583 1007 1666 praeceptis
1033 1583 1110 1645 eius.
1171 1579 1212 1645 lit
1238 1589 1274 1645 ut
1300 1602 1392 1646 nemo
1424 1583 1565 1647 debiturn
1594 1604 1690 1648 suum
1719 1584 1766 1646 vel
1794 1603 1926 1647 censum

317 1686 448 1748 marrire
468 1704 568 1749 ausus
589 1685 637 1748 sit

417 1790 444 1853 9.
486 1786 530 1851 Ut
550 1806 644 1850 nemo
660 1787 693 1849 in
715 1785 828 1869 placito
850 1805 906 1868 pro
927 1784 989 1847 alio
1010 1786 1167 1848 rationare
1188 1805 1285 1849 usum
1306 1785 1419 1851 habeat
1435 1788 1648 1851 defensionem
1660 1789 1789 1851 alterius
1800 1789 1930 1867 iniuste,

318 1891 385 1953 sive
407 1909 463 1973 pro
485 1888 675 1973 cupiditate⁰
696 1887 818 1970 aliqua,
839 1888 947 1950 minus
963 1888 1120 1950 rationare
1141 1887 1265 1949 valente
1288 1887 1338 1950 vel
1358 1908 1414 1971 pro
1435 1891 1561 1972 ingenio
1579 1891 1708 1953 rationis
1720 1892 1927 1953 saraeiustum

273 2005 299 2044 ¹⁶
317 1990 470 2055 iudicium
497 1992 630 2054 marrire
650 1989 701 2053 vel
727 1990 881 2052 rationem
910 2008 1002 2051 suam
1021 1989 1131 2052 minus
1153 1989 1275 2052 valente
1296 1991 1493 2072 opprimendi
1515 1993 1628 2055 studio.
1669 1992 1730 2055 Sed
1755 1993 1928 2075 unusquis-

318 2112 381 2177 que
406 2112 462 2177 pro
489 2113 548 2157 sua
569 2112 666 2156 causa
688 2091 740 2155 vel
765 2110 896 2154 censam
918 2089 969 2153 vel
996 2089 1100 2153 debito
1122 2093 1243 2155 ratione
1264 2091 1387 2172 reddat,
1415 2095 1476 2156 nisi
1496 2093 1612 2176 aliquis
1634 2096 1685 2157 isti
1706 2095 1853 2157 infirmus
1873 2103 1930 2156 aut

317 2196 454 2259 rationes
481 2195 624 2274 nescius,
651 2213 707 2277 pro
734 2192 852 2276 quibus
876 2194 966 2256 missi
993 2193 1043 2256 vel
1071 2193 1190 2276 priores
1218 2195 1275 2277 qui
1303 2196 1336 2256 in
1358 2196 1426 2278 ipso
1448 2195 1560 2278 placito
1583 2204 1658 2259 sunt
1679 2197 1728 2259 vel
1751 2197 1848 2260 iudex
1872 2197 1927 2279 qai

317 2317 413 2361 causa
438 2297 535 2361 huius
561 2297 690 2361 rationis
717 2298 795 2358 sciat
822 2296 997 2358 rationetur
1024 2314 1084 2358 con
1108 2295 1236 2378 placit03
1266 2296 1316 2360 vel
1343 2299 1369 2359 si
1398 2299 1568 2360 necessitas
1587 2299 1643 2378 sit,
1670 2298 1742 2360 talis
1770 2317 1924 2380 personae

320 2400 450 2482 largitur
470 2401 523 2462 ina
550 2400 720 2478 rationem,
750 2399 804 2481 qui
834 2396 984 2460 omnibus
1011 2397 1181 2480 provabilis
1210 2400 1251 2462 sit
1278 2406 1309 2462 et
1336 2401 1391 2482 qui
1412 2401 1452 2474 fin
1482 2402 1550 2483 ipsa
1570 2399 1650 2463 bone
1674 2402 1795 2462 noverit
1816 2419 1926 2463 causa:

271 2516 300 2553 ²⁰
318 2502 403 2585 quod
424 2508 529 2565 tamen
551 2503 681 2564 omnino
703 2499 944 2564 fiatsecnndum
966 2501 1218 2563 convenientiam
1232 2502 1371 2583 priorum
1386 2501 1435 2564 vel
1448 2503 1638 2565 missorumq
1660 2503 1715 2585 qui
1731 2508 1926 2584 praesentem

316 2605 442 2668 adsunt
485 2601 577 2678 Quod
598 2609 628 2665 et
649 2603 839 2667 omnimodis
860 2603 1038 2667 secundum
1049 2604 1204 2667 iustitiam
1217 2604 1317 2686 legem
1330 2602 1399 2682 fiat3
1422 2604 1526 2687 adque
1542 2605 1728 2687 praemium,
1750 2603 1926 2667 mercedem

316 2705 368 2770 vel
390 2705 495 2788 aliquo
522 2704 623 2768 malae
644 2705 833 2768 adulationis
854 2706 982 2788 ingenio
1003 2704 1053 2768 vel
1080 2705 1261 2768 defensione
1282 2707 1525 2789 propinquitatis
1549 2712 1585 2768 ut
1604 2705 1787 2769 nullatenus
1808 2707 1929 2768 iustitia

318 2808 390 2892 quis
411 2810 543 2872 marrire
565 2807 746 2891 praevaleat.
787 2807 828 2871 ut
850 2812 885 2870 ut
906 2826 1000 2870 nemo
1021 2807 1134 2890 aliquit
1157 2807 1251 2871 alicui
1272 2809 1389 2871 iniuste
1416 2809 1607 2886 consentiat,
1638 2808 1692 2871 sed
1714 2809 1799 2871 omni
1823 2807 1928 2871 studio

316 2918 348 2975 et
370 2910 533 2975 voluntate
553 2929 663 2975 omnes
683 2909 722 2972 ad
743 2911 863 2973 iustitia
885 2908 1107 2992 perficiendam
1129 2911 1302 2992 praeparati
1323 2915 1405 2973 sunt

270 3025 298 3064 ²⁶
419 3010 488 3076 Hoc
508 3013 593 3076 enim
615 3012 722 3074 omnia
745 3011 925 3095 supradicta
948 3011 1101 3094 imperiali
1124 3018 1319 3074 sacramento
1342 3010 1501 3074 observari
1525 3011 1664 3075 debetur.
1909 3024 1943 3063 s-

423 3328 467 3391 lt).
511 3324 554 3389 Ut
565 3325 719 3409 episcopir
734 3330 781 3388 etr
802 3323 983 3408 presbiteris
996 3324 1172 3387 secundum
1184 3343 1321 3387 canones
1332 3322 1443 3386 vibant
1456 3331 1487 3387 et
1499 3325 1605 3406 itaque
1616 3331 1754 3388 caeteros
1767 3326 1906 3389 doceant.

421 3431 467 3492 11.
510 3426 553 3491 Ut
573 3428 724 3511 episcopi,
752 3425 880 3490 abbates
901 3425 1005 3508 adque
1026 3424 1215 3502 abbatissae,
1246 3444 1308 3508 que
1329 3427 1440 3488 ceteris
1461 3426 1570 3508 prelati
1593 3434 1682 3506 sant,
1704 3448 1777 3492 cum
1799 3448 1925 3492 summa

317 3531 521 3594 veneratione
546 3529 604 3592 hac
623 3529 783 3613 diligentia
810 3527 961 3592 subiectis
983 3526 1042 3591 sibi
1064 3540 1212 3610 preesse⁸
1233 3527 1369 3606 studeat,
1399 3547 1461 3589 non
1491 3530 1651 3610 potentiva
1679 3529 1925 3593 dominationem

316 3634 367 3697 vel
393 3632 561 3714 tyrannide
587 3631 647 3695 sibi
673 3630 831 3695 subiectos
857 3635 1015 3713 promant,
1042 3629 1097 3692 sed
1129 3629 1261 3711 simplici
1284 3629 1481 3692 dilectionem
1503 3650 1577 3693 cum
1600 3632 1876 3696 mansuetudinem
1897 3640 1928 3695 et

269 3756 298 3795 ao
317 3737 480 3799 caritatem
499 3734 551 3798 vel
572 3733 725 3817 exemplis
745 3732 902 3796 bonorum
923 3752 1054 3815 operum
1076 3732 1245 3793 commissa
1266 3729 1325 3792 sibi
1346 3750 1440 3813 grege
1463 3731 1594 3795 sollicito
1615 3734 1800 3797 custodiant

421 3838 467 3901 12.
509 3835 554 3901 Ut
574 3835 702 3915 abbate,
723 3834 780 3898 ubi
800 3836 925 3897 monaci
948 3840 1037 3912 sunt,
1057 3833 1191 3916 pleniter
1211 3852 1284 3895 cum
1306 3833 1470 3896 monachis
1491 3834 1668 3897 secundum
1692 3835 1798 3912 regula
1820 3835 1928 3898 vibant

318 3939 422 4023 adque
443 3943 593 4002 canones*
614 3938 779 4022 diligenter
800 3936 923 3999 discant
944 3942 974 3998 et
996 3934 1175 4007 observent3
1199 3933 1342 3997 similiter
1364 3934 1540 3998 abbatissae
1560 3936 1684 4000 iaciant

422 4043 466 4105 13.
508 4039 551 4104 Ut
570 4041 723 4123 episcopi,
744 4038 872 4102 abbates
893 4037 996 4120 adque
1017 4035 1193 4099 abbatissae
1214 4035 1381 4100 advocatos
1403 4038 1506 4120 adque
1516 4038 1704 4101 vicedomini
1718 4041 1929 4102 oentenarios-

319 4161 383 4227 que
410 4143 509 4226 legem
537 4143 672 4206 scientes
698 4147 729 4205 et
749 4141 903 4204 iustitiam
926 4139 1092 4222 diligentes
1113 4136 1323 4220 pacificosque
1345 4149 1377 4202 et
1398 4148 1584 4202 mansuetus
1612 4139 1761 4219 habeant,
1789 4141 1924 4223 qualiter

270 4270 299 4309 aa
319 4251 375 4329 pe'r
394 4244 529 4327 illosque
550 4249 675 4307 sanctae
695 4240 755 4307 Dei
776 4242 925 4306 ecclesiae
946 4241 1047 4323 magis
1068 4239 1262 4322 profectum¹¹
1291 4240 1341 4303 vel
1363 4260 1482 4304 merces
1503 4241 1675 4318 adcresmt3
1698 4243 1773 4324 quia
1795 4243 1928 4305 rraliate-

320 4367 382 4410 nus
403 4365 507 4429 neque
527 4347 720 4429 praepositos
742 4364 845 4428 neque
866 4343 1034 4407 advocatos
1056 4341 1228 4405 damnosus
1249 4348 1280 4405 et
1300 4343 1436 4426 cupidus
1457 4345 1488 4405 in
1512 4346 1702 4407 monasteria
1713 4343 1826 4408 habere
1838 4345 1928 4407 volu·

320 4469 407 4527 mue,
437 4468 458 4510 a
484 4447 603 4531 quibus
630 4449 730 4531 magis
757 4466 815 4509 nos
840 4445 1035 4528 blasphemia
1057 4442 1109 4506 vel
1136 4443 1322 4507 detrimenta
1348 4446 1497 4508 oriantur.
1539 4445 1599 4508 Sed
1627 4446 1704 4509 tales
1725 4447 1803 4525 sint,
1834 4447 1928 4529 qualo

318 4568 373 4613 ecs
399 4551 551 4612 canonica
578 4549 628 4613 vel
656 4549 808 4632 regularis
835 4547 1009 4610 institutiov
1037 4544 1105 4607 fieri
1133 4544 1233 4624 iubet,
1261 4546 1415 4609 voluntati
1443 4545 1499 4609 Dei
1529 4546 1672 4610 subditos
1698 4556 1729 4610 et
1756 4548 1795 4610 ad
1816 4568 1928 4611 omnes

320 4652 438 4715 institia
465 4650 646 4734 perficiendi
673 4669 798 4734 semper
826 4655 962 4732 paratos,
990 4647 1090 4729 legem
1118 4647 1251 4730 pleniter
1276 4647 1478 4711 observantes
1506 4646 1627 4730 absquo
1647 4649 1757 4712 fraude
1776 4651 1924 4732 maligna,

272 4777 301 4815 aa
320 4754 440 4817 iustum
461 4772 586 4836 semper
607 4753 760 4816 iudicium
781 4754 814 4815 in
837 4750 986 4814 omnibus
1007 4754 1204 4828 exercentes,
1225 4751 1417 4832 praepositos
1440 4761 1538 4812 veroW
1566 4750 1658 4830 traice,
1688 4750 1796 4833 qualos
1819 4758 1926 4815 saneta

319 4855 429 4939 regula
454 4854 523 4919 fieri
550 4855 647 4919 docet
694 4853 735 4917 Et
763 4855 822 4917 hoc
848 4854 978 4916 omnino
1008 4850 1190 4928 observent,
1219 4857 1254 4913 ut
1279 4842 1504 4914 nullatenus'a
1534 4851 1652 4934 quibus
1674 4855 1774 4935 magis
1797 4836 1895 4939 nobis?
1908 4873 1926 4916 a

320 4958 471 5021 canonica
493 4958 542 5022 vel
563 4957 700 5042 regulari
723 4976 832 5019 norma
855 4954 1053 5031 discendant,
1075 4952 1129 5014 sed
1150 4951 1359 5016 humilitatem
1373 4955 1404 5015 in
1421 4952 1724 5018 omnibushabeant.
1766 4954 1798 5017 Si
1819 4961 1925 5017 auteur

320 5058 410 5123 aliter
428 5060 691 5144 praesumserint,
717 5058 859 5141 regulare
880 5055 1045 5139 disciplina
1066 5056 1216 5132 sentiant3
1244 5063 1275 5117 et
1296 5056 1321 5116 si
1344 5075 1377 5118 se
1398 5056 1566 5119 emendare
1587 5057 1736 5137 noluerit,
1757 5078 1776 5119 a
1796 5076 1926 5140 praepo-

320 5163 417 5225 situm
438 5167 676 5237 removeantur,
697 5160 803 5242 etqui
824 5159 911 5241 digni
934 5157 1061 5220 suntin
1084 5156 1152 5219 loca
1172 5175 1283 5219 eorum
1305 5156 1524 5241 subrogentur.

272 5400 302 5439 ⁴⁵
420 5390 441 5452 i)
463 5408 579 5462 quorum
592 5408 616 5442 o.
725 5388 755 5457 lv)
778 5388 898 5443 commix
911 5405 935 5439 e.
1047 5384 1068 5453 l)
1090 5384 1169 5438 illum
1183 5403 1208 5437 c.
1317 5385 1356 5453 m)
1378 5387 1571 5458 propinquatis
1585 5407 1606 5443 c.
1723 5393 1752 5457 a)
1774 5389 1886 5443 stricare
1901 5407 1924 5440 e.

319 5470 349 5540 c)
371 5471 494 5528 coliata
507 5489 530 5524 c.
616 5469 646 5540 p)
668 5477 700 5523 ut
713 5487 737 5521 e.
818 5472 848 5538 q)
870 5467 983 5520 missurn
998 5484 1021 5518 e.
1103 5464 1127 5533 r)
1149 5465 1286 5536 episcopie
1300 5486 1323 5518 c.
1411 5487 1434 5535 s)
1457 5486 1582 5538 processe
1597 5487 1620 5521 c.
1702 5470 1725 5538 t)
1747 5469 1887 5523 carrorrieis
1901 5487 1926 5521 a.

322 5549 352 5623 u)
372 5556 551 5623 praeceptum
565 5567 591 5602 r.
672 5548 700 5617 v)
722 5548 856 5616 ialam,
870 5548 972 5601 intuitu
987 5563 1010 5598 a.
1093 5546 1127 5615 w)
1148 5552 1254 5601 vestros
1267 5564 1291 5599 o.
