4380 6248
266 364 328 430 436
837 367 1008 424 ANSEGISI
1038 368 1333 426 CAPITULARIUM

269 545 317 608 44.
341 542 389 605 177
408 542 603 622 oppressam
618 562 809 624 pauperum,
833 541 1003 605 uiduarum
1026 547 1055 606 77
1105 547 1153 610 66.
1176 544 1225 607 177
1245 543 1403 607 aduocatis
1424 545 1645 625 qriscopoiuuq
1667 546 1824 623 abbatum,
1848 570 1896 612 77-

368 643 572 725 pnpitlomcm.
1205 645 1316 707 mitum
1338 650 1367 708 et
1385 645 1623 710 abbatissarum

269 751 317 813 45.
339 745 389 810 177
409 747 539 810 iniustis
562 747 841 811 consuetudinibus
867 746 986 809 noviter
1004 746 1053 810 777·
1105 749 1151 812 61.
1173 742 1371 810 Desmontis
1398 747 1445 811 777
1472 732 1675 824 centenariis,
1703 750 1735 813 si
1756 749 1896 814 latrones

369 850 496 912 stitutis.
1206 847 1379 911 celaverint.

268 956 318 1018 46.
341 953 389 1016 177
406 951 520 1014 bonore
539 951 745 1014 ecclesiarum.
1103 952 1149 1014 62.
1171 947 1222 1012 177
1253 949 1414 1014 comitibus
1454 956 1482 1015 et
1512 953 1642 1015 vicariis
1684 954 1933 1017 77777777737777737

267 1058 315 1120 47.
336 1051 387 1116 173
406 1053 500 1115 uanis
520 1057 547 1115 77
565 1053 701 1116 decimis.
1202 1052 1240 1115 dc
1257 1053 1474 1130 constitutione
1493 1053 1578 1134 leals.

267 1153 389 1222 46177
414 1154 488 1218 77773
513 1154 556 1217 ad
584 1155 724 1217 clanstro
755 1154 975 1217 canonicorum
1000 1156 1051 1234 ta
1102 1155 1150 1220 63.
1173 1152 1223 1218 177
1242 1155 1408 1234 forestibus
1428 1155 1601 1218 dominicis.

369 1259 490 1321 77777777.
1103 1258 1150 1322 64.
1172 1257 1221 1319 177
1239 1256 1344 1319 missis
1357 1257 1522 1321 dominicis
1543 1263 1571 1322 ct
1590 1259 1629 1322 de
1648 1259 1699 1322 7773
1719 1259 1777 1340 qui
1801 1260 1894 1322 iusti·

269 1359 390 1427 77177
422 1359 630 1423 observatione
653 1361 891 1439 ynaeccptorum
919 1357 1051 1421 domiui-
1203 1359 1281 1421 tiam
1300 1360 1405 1440 facere
1421 1364 1594 1423 rennuunt.

370 1482 485 1525 corum.
1103 1460 1219 1525 65177
1245 1461 1351 1523 missis
1381 1461 1560 1538 dominicis,
1591 1463 1646 1527 77777
1673 1463 1800 1526 diutins
1830 1484 1892 1527 77777
1907 1502 1931 1538 n»

268 1568 316 1631 50.
337 1564 455 1628 Dabis
474 1563 531 1643 qui
556 1563 712 1626 occasione
739 1561 941 1625 cumtcnitatis
960 1562 1051 1625 iusti·
1202 1562 1331 1626 debeant
1353 1563 1517 1626 7777777777νί.

370 1665 447 1727 tiam
467 1667 571 1745 fccccre
591 1668 762 1726 rennuunt.
1102 1665 1148 1729 66.
1170 1660 1221 1726 177
1238 1664 1342 1726 missis
1362 1664 1527 1728 dominicis
1546 1664 1623 1727 etde
1644 1666 1753 1729 cornito
1775 1667 1809 1728 in
1833 1665 1893 1730 oli-

268 1772 316 1834 51.
338 1766 388 1830 173
407 1766 480 1831 77373
496 1766 683 1829 iamdudum
694 1765 795 1828 sacris
805 1768 833 1828 et
852 1785 940 1827 nnnc
960 1785 1051 1846 377777-
1202 1765 1286 1846 quod
1306 1766 1500 1829 missaticum
1520 1765 1643 1829 directo.

369 1870 444 1931 77777
465 1868 606 1949 foedatis.
1103 1870 1149 1934 67.
1172 1868 1222 1931 De
1241 1868 1346 1930 missis
1361 1868 1539 1944 dominicis,
1564 1868 1702 1949 qualiter
1721 1870 1892 1933 coniectum

267 1977 316 2038 52.
337 1974 386 2036 177
405 1970 562 2049 beneficiis
582 1969 746 2033 dominicis
764 1969 830 2032 dest
818 1969 937 2032 tmcctis.
1202 1969 1340 2049 accipere
1359 1969 1494 2033 debeant.
1907 2014 1930 2052 ,,

267 2078 317 2141 56.
339 2074 388 2137 177
417 2072 504 2154 falsa
535 2075 656 2135 moneta
690 2075 717 2133 77
745 2070 783 2133 de
813 2070 889 2133 aliis
920 2070 1053 2134 diversis
1103 2072 1150 2137 68.
1170 2070 1220 2134 177
1239 2071 1341 2133 773373
1367 2070 1530 2134 dominicis
1555 2075 1584 2134 et
1611 2074 1825 2153 episcoponun
1847 2074 1894 2138 777

370 2173 701 2255 cansisprobibcndis.
1203 2172 1498 2253 reliquumque·
1532 2173 1566 2235 777
1605 2173 1688 2237 777377
1722 2195 1787 2237 non
1823 2176 1893 2256 7777-

267 2282 315 2344 54.
336 2275 387 2340 177
405 2277 570 2339 missorum
591 2274 817 2338 dominicorum
835 2274 1051 2337 obseruatione.
1203 2279 1286 2337 runt.

267 2376 387 2446 55177
406 2376 539 2458 plantis
570 2397 592 2438 a
620 2375 725 2439 tiberis
750 2375 927 2439 bominibus
953 2376 1051 2439 obser·
1104 2381 1151 2443 69.
1174 2375 1225 2439 177
1245 2375 1410 2456 episcopis,
1438 2376 1601 2440 abbatibus
1625 2383 1655 2440 et
1679 2380 1845 2443 conutibus
1865 2385 1893 2443 ct

369 2479 490 2543 caudis.
1203 2478 1240 2540 dc
1260 2477 1373 2557 placito
1393 2478 1557 2541 missorum
1580 2479 1831 2544 dominicorum.¹
1903 2525 1928 2560 n

267 2582 386 2648 56177
413 2581 512 2644 debito
544 2580 588 2643 ad
617 2600 698 2659 opus
729 2579 920 2642 dominicum
954 2598 1052 2641 raca
1103 2579 1387 2659 77717777737777737
1408 2580 1573 2644 missorum
1596 2581 1850 2646 dominicomcm.¹’

368 2683 462 2746 diato.
1103 2683 1149 2747 71.
1170 2679 1220 2744 177
1246 2701 1279 2744 eo
1299 2681 1355 2761 qui
1377 2682 1411 2744 iu
1431 2681 1538 2744 aliena
1560 2683 1672 2762 patria
1693 2683 1732 2746 de
1753 2685 1890 2765 7777777777

267 2788 317 2851 57.
338 2784 456 2849 Dabis
478 2784 535 2865 qui
562 2784 606 2846 ad
626 2781 787 2863 palatium
814 2781 860 2844 ool
881 2783 916 2845 777
938 2782 1051 2847 bostem
1203 2803 1302 2846 cansa
1321 2783 1421 2865 7777777
1440 2783 1665 2864 interpellatus.

364 2889 504 2966 perannt
492 2884 570 2948 tect
591 2885 663 2947 inde
682 2885 821 2947 redeunt.
1106 2889 1152 2951 77.
1176 2883 1226 2948 177
1246 2885 1340 2949 soliot'
1315 2889 1397 2948 777777
1416 2890 1510 2966 atque
1531 2888 1768 2967 cumpositimre.

271 2986 392 3055 56177
409 2989 561 3069 pontibus
581 2986 723 3068 publicis.
1104 2990 1151 3054 73.
1173 2986 1224 3051 177
1242 2992 1304 3050 3777
1305 3008 1328 3050 77
1292 2987 1487 3050 7777777773.

268 3089 389 3157 56177
419 3089 550 3166 clericis,
589 3089 811 3153 ntonacln‘st
783 3094 811 3152 77
842 3090 939 3153 377773
969 3090 1055 3171 fuyi·
1104 3091 1151 3154 74.
1172 3087 1578 3170 Depropmctatclmnunis
1600 3111 1682 3171 quae
1702 3091 1738 3155 ob
1760 3035 1923 3173 aliquod¹⁵

368 3193 450 3255 77773
1203 3193 1239 3254 777
1261 3193 1401 3256 bannum
1421 3193 1521 3273 fuerit
1543 3195 1664 3256 77773377.1

394 3444 649 3540 Incipiunt
680 3445 1029 3541 suprascripta
1065 3442 1288 3541 capitula
1323 3456 1362 3514 77
1398 3457 1555 3516 tentus
1590 3474 1756 3518 77777777.

378 3594 402 3655 l.
444 3587 495 3652 177
513 3588 611 3650 servis
634 3609 695 3668 per
714 3588 938 3651 contumatiam
957 3587 1057 3650 alicui
1076 3586 1138 3649 cim
1157 3586 1372 3667 inferentibus.
1421 3588 1452 3652 Si
1473 3591 1556 3653 servi
1582 3609 1638 3673 per
1657 3593 1882 3655 contumatiam

272 3693 403 3756 collecta
433 3691 636 3754 multitudine
661 3691 756 3754 alicui
782 3693 846 3754 vim
877 3691 1054 3769 intulerint,
1083 3691 1115 3754 id
1143 3698 1190 3755 337
1219 3699 1275 3755 out.
1302 3692 1507 3756 homicidium
1537 3704 1593 3756 out
1619 3695 1806 3759 incendium
1832 3704 1915 3760 autu

272 3795 558 3879 qualiumcumque
581 3812 689 3857 rerum
710 3794 902 3877 direptiones
922 3794 1067 3870 fecerint,
1098 3794 1218 3856 domini
1241 3814 1377 3876 quorum
1399 3795 1596 3878 neglegentia
1618 3795 1677 3859 hoo
1697 3800 1806 3861 evenit
1831 3817 1883 3881 pro

270 3917 309 3962 eo
333 3897 418 3980 quod
440 3915 494 3959 eos
514 3896 730 3978 constringere
751 3894 938 3973 noluerunt,
967 3900 1003 3958 ut
1024 3895 1097 3958 talia
1116 3894 1217 3959 facero
1238 3916 1301 3959 non
1324 3896 1489 3973 auderent,
1510 3896 1653 3961 bannum
1674 3909 1835 3979 nostrum,
1852 3900 1881 3962 id

271 4004 322 4062 est
342 3999 506 4078 sexaginta
527 3996 660 4076 solidos,
684 3996 805 4060 solvere
826 4003 986 4080 cogantur.

371 4103 398 4163 2.
448 4095 499 4160 177
517 4097 609 4160 rebus
629 4096 676 4159 cel
695 4097 863 4178 7777777773
885 4119 906 4159 a
926 4098 1000 4177 fisco
1020 4097 1119 4177 779777
1132 4099 1298 4178 occupatis
1340 4098 1387 4164 De
1408 4100 1504 4165 rebus
1516 4102 1583 4164 sive
1600 4105 1784 4187 mancipiis,
1804 4124 1883 4188 quae

272 4203 428 4266 dicuntur
448 4222 465 4263 7
487 4201 562 4264 fisco
584 4207 691 4263 nostro
712 4219 781 4264 3333
800 4208 967 4284 occupata,
988 4201 1138 4264 volumus
1150 4202 1286 4264 utmissi
1297 4203 1398 4265 nostri
1418 4203 1655 4286 inquisitionem
1678 4205 1796 4268 17777777
1816 4207 1915 4272 377377

274 4307 472 4367 sacramento
493 4322 550 4386 per
570 4304 739 4367 veratiores
761 4303 905 4366 homines
927 4304 998 4386 pugi
1020 4303 1106 4365 illins
1133 4304 1394 4384 circomanentes,
1421 4313 1451 4368 et
1473 4306 1626 4389 quicquid
1647 4307 1686 4371 de
1709 4308 1769 4371 hac
1789 4329 1882 4372 causa

271 4407 379 4469 verius
405 4425 442 4468 ac
470 4406 586 4469 certius
612 4406 803 4489 investigare
828 4406 988 4489 potuerint
1013 4405 1051 4468 nd
1082 4411 1221 4468 nostram
1249 4406 1365 4470 faciant
1390 4409 1554 4490 pervenire
1577 4410 1737 4480 notitiam,
1764 4421 1801 4473 ut
1826 4431 1882 4475 nos

268 4516 350 4571 tune
372 4507 575 4585 definiemus,
597 4508 749 4590 quicquid
769 4507 861 4570 nobis
882 4509 1003 4571 iustum
1025 4526 1094 4572 esse
1115 4507 1265 4571 videatur.

368 4612 395 4675 3.
438 4607 489 4672 177
512 4608 611 4672 servis
644 4608 691 4671 777
727 4608 939 4671 molestasticis
972 4609 1006 4671 iu
1037 4610 1149 4688 63777777
1178 4609 1310 4690 requiem
1341 4610 1600 4691 consumentibus.
1655 4615 1688 4678 Si
1718 4617 1802 4679 servi
1832 4617 1880 4678 sel

267 4713 471 4777 ecclesiastici
499 4712 549 4776 vel
573 4711 788 4794 quorumlibet
815 4712 987 4776 liberorum
1015 4712 1181 4776 hominum
1208 4714 1241 4775 77
1269 4712 1380 4776 fiscum
1410 4721 1552 4778 nostrum
1582 4715 1784 4799 confugerint
1811 4724 1840 4782 et
1863 4739 1914 4782 su

267 4814 407 4878 dominis
429 4814 477 4877 vol
500 4814 659 4877 advocatis
680 4833 787 4878 eorum
812 4815 933 4898 repetiti
955 4814 1089 4891 fuerint,
1116 4815 1141 4876 si
1165 4821 1252 4877 actor
1272 4813 1340 4878 fisci
1363 4817 1461 4878 nostn'
1484 4816 1690 4896 intellexerit,
1721 4820 1807 4897 qnod
1828 4839 1881 4883 eos

269 4918 353 4980 iuste
375 4936 438 4979 non
462 4917 561 5000 possit
581 4925 687 4980 tenere
710 4917 749 4980 od
776 4922 920 4980 nostrum
950 4916 1142 4994 dominium,
1169 4917 1261 4979 377777
1288 4916 1357 4979 illos
1379 4916 1417 4980 de
1438 4918 1547 4982 eodem
1579 4918 1655 4983 fisco
1677 4928 1708 4984 et
1728 4922 1880 5006 recipiant

269 5036 323 5081 eos
344 5019 463 5080 domini
486 5038 606 5081 eornm.
649 5018 690 5081 Et
711 5019 737 5081 si
754 5018 858 5082 eidem
879 5019 975 5081 actori
996 5019 1100 5081 visum
1114 5017 1222 5095 fuerit,
1245 5018 1330 5100 quod
1351 5018 1390 5093 ad
1403 5027 1549 5084 nostrum
1569 5020 1705 5085 debeant
1725 5025 1880 5106 pertinere

269 5119 464 5198 dominium,
494 5119 629 5203 expellat
649 5138 703 5182 eos
731 5119 769 5182 de
796 5119 906 5182 eodem
932 5118 1008 5182 fisco
1035 5126 1079 5198 37,
1106 5124 1275 5201 postquam
1303 5118 1342 5181 ab
1372 5120 1491 5184 eisdem
1514 5122 1738 5206 repetiton’bus
1763 5126 1879 5189 tuerint

371 5404 398 5472 a)
423 5405 465 5460 De
478 5424 532 5460 non
544 5406 678 5478 exigendo
692 5405 845 5461 haribanno
855 5413 1004 5476 autequam
1018 5407 1103 5460 iussio
1116 5406 1256 5461 dominico
1267 5413 1334 5460 uoto
1346 5404 1395 5461 77777
1404 5407 1524 5461 terserunt
1535 5410 1618 5462 codd.
1628 5410 1720 5464 idem.
1783 5410 1813 5471 b‘.
1835 5412 1913 5465 177-77

270 5488 325 5539 cles
341 5487 523 5556 condicionum
535 5487 578 5539 ln‘c
590 5487 690 5555 finitur
698 5488 727 5539 777
739 5487 822 5539 codd.
835 5485 1373 5556 6377767773.1ἀ77“77.4417.4635.9654.
1403 5486 1555 5545 Vottlbe.
1571 5489 1631 5543 Van
1640 5490 1779 5546 1777587.
1792 5492 1878 5547 onoc.

272 5566 339 5622 258.
423 5565 448 5631 c)
470 5565 514 5620 De
531 5565 664 5621 fratribus
683 5567 731 5638 qui
747 5573 878 5638 paternae
895 5568 939 5621 vel
957 5573 1097 5622 maternae
1113 5566 1180 5620 add.
1192 5583 1245 5620 sec.
1255 5584 1353 5620 manue
1366 5567 1395 5620 in
1407 5569 1468 5621 cod.
1481 5568 1691 5627 Monaesum.
1722 5572 1784 5643 cyr.
1795 5592 1879 5645 nqm

266 5646 410 5718 paq.330‚
421 5664 444 5701 c.
456 5645 481 5699 6.
549 5646 578 5715 77)
599 5645 643 5700 De
654 5647 814 5703 hominibus
825 5646 873 5718 qui
887 5645 1007 5702 alienam
1020 5652 1186 5718 potestatem
1199 5647 1269 5701 add.
1280 5646 1360 5734 71777.
1369 5646 1456 5703 3858.
1483 5648 1638 5722 dsuetum
1644 5650 1792 5725 paq-330,
1802 5652 1861 5713 7767
