4380 6248
779 378 924 436 KAROLI
945 379 1073 435 MAGNI
1093 377 1362 436 CAPITULARIA.
1836 378 1878 442 85

364 563 412 626 21.
454 560 602 624 Vivarios
622 562 657 624 in
678 568 783 625 curtes
804 567 929 624 nostras
950 562 1176 645 unusquisque
1196 562 1294 626 iudex
1316 562 1371 626 ubi
1392 568 1484 626 antea
1504 563 1634 626 fuerunt
1653 562 1779 643 habeat,
1798 570 1828 626 et
1850 564 1876 626 si
1940 571 1942 575 '

264 665 374 746 augeri
395 668 511 746 potest,
532 667 662 746 augeat,
685 671 716 727 et
740 662 794 726 ubi
815 673 908 726 antea
927 682 992 726 non
1014 662 1144 726 fuerunt
1163 670 1194 727 et
1214 664 1309 727 modo
1329 683 1398 727 esse
1419 669 1565 747 possunt,
1586 665 1709 728 noviter
1728 664 1814 729 fiant.

364 766 413 829 22.
456 762 597 828 Coronas
629 763 668 828 de
695 765 844 845 racemis,
883 765 939 848 qui
976 765 1086 828 vincas
1115 765 1285 830 habuerint
1315 785 1379 828 non
1412 767 1521 829 minus
1550 773 1613 830 tres
1643 774 1698 830 aut
1727 774 1879 850 quattuor

264 865 443 930 habantw.

232 987 246 1025 a
363 970 410 1033 23.
451 967 489 1031 In
503 988 717 1052 unaquaeque
729 969 804 1032 villa
812 975 921 1033 nostra
930 968 1068 1033 habeant
1083 967 1205 1032 iudices
1219 967 1419 1045 vaccaritias,
1438 967 1636 1050 porcaritias,
1651 965 1878 1047 berbicaritias,

264 1071 461 1153 capraritias,
481 1070 658 1135 hircaritias
683 1077 841 1154 quantum
862 1070 935 1154 plus
955 1071 1118 1154 potuerint
1138 1076 1169 1132 et
1194 1068 1377 1132 nullatenus
1403 1069 1471 1131 sinc
1496 1068 1556 1130 hoc
1576 1086 1645 1131 esse
1665 1067 1787 1132 debent
1836 1068 1877 1133 Et

265 1172 395 1254 insuper
420 1171 558 1236 habeant
585 1192 698 1236 vaccas
723 1172 785 1236 adh
813 1172 942 1237 illorum
970 1172 1136 1236 servitium
1163 1170 1391 1254 perficiendum
1420 1168 1654 1233 commendatas
1685 1190 1740 1254 per
1768 1190 1878 1234 servos

265 1284 404 1354 nostros,
433 1274 569 1358 qualiter
588 1294 645 1359 pro
667 1276 794 1339 servitio
813 1274 853 1338 ad
874 1275 1072 1339 dominicum
1093 1293 1174 1358 opus
1194 1273 1391 1335 vaccaritiae¹
1420 1271 1471 1334 vel
1491 1273 1651 1335 carrucaa¹
1673 1272 1760 1336 nullo
1781 1272 1876 1336 modo

264 1378 438 1440 minoratae
458 1379 531 1441 sint
583 1377 625 1441 Et
650 1376 802 1457 habeant,
829 1377 957 1459 quando
985 1377 1152 1442 servierint
1177 1375 1216 1438 ad
1244 1374 1376 1437 carnesl
1403 1373 1559 1452 dandum,
1589 1373 1686 1437 boves
1713 1374 1877 1458 cloppos²⁰

218 1504 246 1541 ιο
265 1497 328 1541 non
349 1477 517 1562 languidos
538 1488 570 1543 et
589 1498 701 1543 vaccas
722 1480 789 1543 sive
808 1478 946 1543 caballos
972 1498 1036 1542 non
1058 1477 1217 1542 scabiosos
1238 1481 1294 1540 aut
1314 1476 1375 1540 alia
1396 1495 1526 1560 peccora
1550 1495 1614 1539 non
1636 1476 1793 1561 languida.
1836 1476 1878 1540 llt

265 1590 300 1644 ut
321 1580 479 1659 diximuS,
501 1602 557 1666 pro
578 1582 639 1646 hoc
658 1582 842 1645 vaccaritias
864 1581 914 1645 vel
938 1582 1098 1645 carrucas¹
1120 1600 1185 1643 non
1206 1581 1373 1642 minorent

364 1684 413 1748 24.
458 1681 617 1768 Quicquid
637 1683 677 1747 ad
699 1683 863 1747 discum²⁷
884 1689 1029 1746 nostrum
1051 1684 1125 1746 dare
1147 1681 1253 1760 debet,
1273 1682 1498 1764 unusquisque
1520 1680 1616 1744 iudex
1637 1683 1672 1744 in
1692 1701 1752 1745 sua
1765 1680 1877 1745 habeat

264 1785 414 1870 plebi028,
444 1785 579 1869 qualiter
606 1785 690 1849 bona
714 1790 746 1849 at
772 1786 891 1869 optima
918 1792 1013 1869 atque
1040 1783 1121 1848 benc
1145 1784 1285 1848 studiose
1310 1790 1341 1847 et
1368 1782 1466 1846 nitide
1492 1784 1600 1845 onmia
1626 1785 1690 1846 sint
1715 1785 1877 1867 conposita

264 1888 416 1972 quicquid
445 1889 596 1952 dederint
636 1887 678 1952 Et
699 1889 925 1971 unusquisque
951 1886 983 1951 Il
1003 1887 1116 1951 habeat
1136 1887 1174 1950 de
1195 1905 1323 1949 annona
1342 1885 1483 1969 pasms2⁹
1511 1905 1567 1969 per
1585 1885 1728 1969 singulos
1749 1886 1816 1949 dies
1838 1886 1877 1949 ad

217 2013 245 2052 ιε»
263 2010 360 2054 sturm
381 1992 562 2070 servitium,
591 1990 630 2053 ad
656 2010 801 2054 mensam
822 1995 963 2053 nostram
988 1990 1116 2072 quando
1137 1989 1296 2066 servierit3
1329 1987 1500 2070 etreliqua
1521 1987 1706 2071 dispensa3'
1734 1987 1878 2051 similiter

264 2094 297 2155 in
319 2092 469 2156 omnibus
490 2092 574 2156 bona
596 2094 651 2174 sit,
672 2100 736 2157 tam
753 2094 856 2156 farina
877 2112 974 2176 quam
995 2099 1026 2156 et
1045 2092 1213 2175 peculium.

363 2196 413 2259 25.
455 2192 504 2259 Da
524 2195 701 2278 pastionell
725 2201 833 2258 autem
853 2193 923 2257 Kal.
946 2193 1101 2278 Septemb.
1123 2194 1262 2257 indicare
1282 2192 1415 2271 faciant,
1434 2193 1460 2254 si
1482 2192 1577 2256 luerit
1597 2211 1638 2255 an
1660 2212 1733 2255 non.

364 2297 412 2361 26.
455 2295 590 2360 Maiores
619 2316 693 2360 vero
721 2296 858 2379 amplius
887 2297 921 2359 in
949 2297 1125 2360 ministerio
1154 2315 1217 2359 non
1246 2295 1382 2358 habeant
1410 2295 1471 2357 nisi
1494 2299 1650 2377 quantum
1678 2295 1710 2356 in
1740 2314 1804 2357 una
1826 2293 1878 2357 die

263 2399 432 2462 circumire
451 2403 508 2462 aut
527 2399 690 2482 previdere
710 2400 878 2482 potuerint

216 2525 245 2561 zo
364 2497 413 2561 27.
457 2494 554 2560 Casae
581 2502 707 2560 nostrae
732 2496 949 2560 indesinenter
976 2496 1046 2560 foca
1066 2500 1097 2559 et
1117 2494 1270 2558 wactas³²
1298 2493 1449 2574 habeant,
1478 2496 1521 2558 ita
1542 2501 1577 2558 ut
1597 2495 1702 2558 salvae
1722 2496 1793 2557 sint.
1836 2492 1878 2557 Et

265 2597 392 2682 quando
414 2599 504 2661 missi
525 2598 575 2661 vel
596 2597 709 2681 legatio
729 2598 768 2660 ad
790 2598 942 2681 palatium
963 2598 1098 2661 veniunt
1118 2597 1170 2661 vel
1189 2596 1341 2677 redeunt,
1368 2596 1456 2660 nullo
1483 2597 1576 2659 modo
1597 2597 1629 2659 in
1650 2601 1756 2659 curtes
1776 2595 1877 2658 domi·

265 2702 353 2764 nicas
373 2699 654 2764 mansionaticas³³
679 2700 850 2783 prendant,
870 2701 933 2763 nisi
954 2699 1131 2784 specialiter
1151 2700 1251 2762 iussio
1272 2704 1380 2762 nostra
1400 2704 1455 2761 aut
1476 2699 1602 2779 reginae
1622 2697 1723 2761 fuerit
1764 2696 1805 2760 Ilt
1825 2716 1877 2760 co·

264 2821 332 2865 mes
361 2802 399 2866 dc
427 2822 486 2865 suo
512 2802 689 2866 ministerio
709 2802 762 2866 vel
788 2801 969 2866 homines34
998 2802 1045 2865 illi
1072 2803 1126 2885 qui
1155 2801 1332 2884 antiquitus
1357 2801 1499 2863 consueti
1524 2798 1654 2862 fuerunt
1680 2800 1794 2862 missos
1822 2807 1878 2862 aut

265 2903 437 2987 legationes
459 2904 629 2985 soniaroll,
656 2907 700 2968 ita
723 2911 754 2968 et
774 2904 868 2968 modo
891 2905 1018 2967 inantea
1038 2910 1069 2967 et
1089 2903 1128 2966 de
1147 2901 1321 2985 parveridis
1342 2909 1373 2965 ct
1393 2904 1501 2965 omnia
1521 2903 1566 2965 eis
1587 2903 1764 2965 necessaria
1785 2901 1877 2965 solito

216 3032 246 3071 aa
265 3024 353 3068 more
374 3006 497 3069 soniare
518 3006 648 3084 faciant,
670 3006 804 3090 qualiter
825 3005 905 3070 bene
926 3011 956 3069 et
977 3004 1148 3068 honorifice
1169 3004 1209 3068 ad
1230 3003 1382 3087 palatium
1404 3004 1513 3066 venire
1535 3003 1584 3067 vel
1605 3003 1706 3067 redire
1727 3005 1856 3087 possint

365 3107 414 3172 28.
456 3106 615 3171 Volumus
637 3115 672 3171 ut
691 3126 748 3192 per
769 3127 869 3171 annos
889 3107 1032 3190 singulos
1053 3109 1136 3170 intra
1157 3107 1412 3191 quadragesima,
1433 3106 1591 3169 dominica
1608 3109 1642 3169 in
1664 3106 1778 3190 palmis
1796 3125 1879 3189 quae

264 3207 393 3272 Osanna
413 3209 543 3289 dicitur,
577 3210 667 3273 iuxta
693 3210 924 3274 ordinationem
957 3215 1097 3273 nostram
1124 3216 1292 3293 argentum
1318 3209 1357 3272 de
1382 3215 1490 3271 nostro
1519 3207 1676 3288 laboratu,
1707 3216 1875 3292 postquam

263 3313 506 3394 cognoverimus
527 3311 566 3375 de
586 3312 744 3394 praesenti
765 3331 849 3375 anno
872 3319 1028 3394 quantum
1050 3313 1091 3375 sit
1113 3318 1221 3375 nostra
1242 3310 1408 3387 laboratio,
1430 3310 1574 3374 deferrem
1596 3311 1750 3374 studeant

364 3415 412 3479 29.
455 3412 503 3477 De
522 3412 746 3477 clamatoribus
768 3433 806 3478 ex
828 3412 1014 3476 hominibus
1035 3415 1152 3477 nostris
1173 3414 1398 3497 unusquisque
1419 3412 1516 3475 iudex
1537 3413 1727 3495 praevideat,
1755 3419 1789 3475 ut
1810 3433 1874 3475 non

216 3544 244 3583 ao
264 3517 305 3579 sit
332 3517 378 3579 eis
404 3534 533 3579 necesse
554 3516 663 3580 venire
689 3515 729 3579 ad
755 3536 814 3579 nos
836 3515 1031 3599 proclamare
1058 3522 1089 3578 et
1115 3515 1182 3579 dies
1210 3536 1291 3598 quos
1319 3516 1437 3578 servire
1457 3513 1549 3577 debet
1570 3533 1625 3598 per
1645 3515 1875 3598 neglegentiam

263 3637 329 3680 non
357 3617 493 3680 dimittat
519 3617 658 3700 perdere.
700 3616 742 3680 Et
769 3619 795 3681 si
824 3616 970 3681 habuerit
992 3636 1104 3680 servus
1125 3623 1232 3680 noster
1251 3616 1429 3680 forinsecus
1450 3617 1585 3679 iustitias
1606 3617 1645 3679 ad
1667 3617 1876 3699 querendum,

264 3721 413 3799 magister
419 3718 449 3763 ³⁰
470 3720 539 3782 eius
551 3738 624 3782 cum
636 3721 723 3782 omni
736 3721 910 3783 intentione
928 3719 1067 3783 decertet
1077 3739 1133 3802 pro
1146 3721 1215 3783 eius
1226 3721 1360 3796 iustitia3
1383 3724 1414 3781 ct
1427 3719 1453 3781 si
1465 3718 1572 3801 aliquo
1584 3719 1651 3781 loco
1664 3721 1795 3782 minime
1804 3739 1873 3783 eam

263 3824 402 3905 accipere
423 3820 572 3900 valuerit,
593 3827 698 3884 tamen
719 3822 788 3904 ipso
809 3840 900 3885 servo
922 3828 1030 3885 nostro
1052 3841 1108 3905 pro
1129 3821 1189 3884 hoc
1208 3822 1339 3904 fatigare
1360 3840 1422 3883 non
1448 3822 1620 3903 permittat,
1646 3821 1699 3884 sed
1725 3822 1874 3901 magister

262 3926 332 3987 cius
352 3943 409 4007 per
429 3924 634 4006 semetipsum
656 3930 711 3986 aut
728 3942 825 3987 suum
847 3924 983 3987 missum
1008 3924 1067 3987 hoc
1089 3923 1181 3987 nobis
1201 3930 1313 3987 notum
1337 3923 1440 3985 facere
1462 3924 1594 3986 studeat.

216 4055 244 4094 aa
362 4027 411 4091 30.
454 4024 613 4088 Volumus
635 4025 720 4088 uncle
741 4026 859 4088 servire
881 4024 995 4088 debent
1019 4026 1059 4089 ad
1080 4045 1160 4109 opus
1180 4031 1343 4104 nostrum,
1370 4044 1410 4088 cx
1432 4027 1519 4088 omni
1540 4025 1742 4089 conlaboratu
1765 4045 1874 4088 corum

264 4129 428 4191 servitium
450 4145 614 4210 segregare
634 4126 765 4205 faciant,
786 4133 817 4190 et
838 4126 923 4190 unde
945 4146 1033 4190 carra
1054 4129 1086 4190 in
1109 4128 1230 4191 hostem
1249 4128 1444 4211 carigare·3⁷
1466 4126 1596 4207 debent,
1617 4127 1874 4211 sinrilitersegre-

262 4238 352 4313 gent,
373 4236 437 4292 tam
462 4248 519 4313 per
538 4228 648 4291 domos
671 4248 768 4310 (luant
790 4236 821 4292 et
841 4249 897 4312 per
914 4237 1069 4312 posterea,
1090 4236 1120 4293 et
1140 4231 1242 4293 sciant
1263 4236 1419 4313 quantum
1437 4230 1475 4292 nd
1497 4229 1555 4293 hoc
1576 4230 1750 4293 mittunt38.

362 4511 393 4578 Ιι)
413 4512 448 4567 ad
462 4512 568 4583 supplet
583 4511 720 4566 Gacrord.
821 4511 841 4571 ἰ)
863 4512 1026 4567 vaccaritias
1040 4514 1085 4567 vel
1099 4530 1226 4567 carrucas
1240 4531 1263 4565 c.
1357 4513 1388 4583 k)
1409 4515 1447 4566 itu
1460 4516 1584 4566 emerulut
1598 4513 1742 4580 (romanu
1756 4530 1838 4566 canes
1851 4529 1876 4564 r.

263 4592 283 4659 1)
306 4591 468 4664 camrgael.
550 4592 590 4657 m]
611 4592 791 4647 deferendum
803 4593 826 4647 1.
909 4593 939 4661 n)
961 4594 1113 4663 caregarel

216 4898 244 4935 tu
365 4868 415 4940 23)
435 4870 580 4923 Vinearum
593 4870 793 4922 dominicorum
807 4869 923 4922 cauerat
937 4887 991 4921 uon
1005 4871 1094 4923 miore
1107 4889 1190 4940 quom
1208 4878 1262 4924 trec
1274 4871 1317 4924 vel
1328 4880 1446 4940 (μιαίνων
1458 4887 1627 4923 recrearemur
1643 4888 1758 4923 coroner
1771 4887 1875 4922 coum·

261 4984 325 5021 aare
336 4968 450 5036 sariam
464 4968 492 5020 ia
505 4985 584 5020 mm
598 4968 708 5036 rapiam.
730 4964 862 5022 Gudrard.
911 4965 961 5036 26)
977 4966 1115 5035 Olaadoa,·
1130 4967 1400 5040 francopecloppes.
1448 4968 1498 5038 27)
1512 4968 1646 5021 Mauram.
1689 4967 1739 5039 28)
1751 4967 1877 5033 Mancre,

261 5065 373 5133 ⁰sfi⁰5⁰i
384 5082 467 5133 parm.
483 5063 588 5120 Pflicht
603 5063 750 5135 (phelti),
763 5064 816 5132 cfr.
831 5065 907 5133 infra
923 5062 1001 5118 att.
1083 5065 1132 5135 29)
1153 5065 1289 5134 Francop.
1303 5084 1398 5137 repas;
1411 5083 1493 5134 perna.
1508 5066 1623 5120 malaeit
1706 5065 1756 5136 30)
1780 5064 1873 5118 Germ.

262 5160 373 5232 Speire3
386 5164 517 5232 francop.
538 5161 702 5216 nourriturc.
822 5162 872 5227 31)
894 5163 1045 5215 Pcrcoram
1063 5163 1092 5215 ia
1109 5162 1184 5215 abach
1200 5163 1312 5234 porcab;
1331 5165 1384 5232 cfr.
1399 5163 1505 5217 Chloth.
1521 5162 1562 5215 11.
1577 5163 1695 5216 edictum
1709 5161 1780 5232 614,
1794 5160 1874 5216 aaa.

263 5257 313 5328 32)
340 5259 709 5329 t'r'qila;csr.aaprac.16.
791 5258 1050 5330 33)scpraa.11.
1139 5258 1189 5322 34)
1210 5261 1452 5332 Apcnteapmbla'cr’5
1465 5263 1517 5330 cfr.
1532 5261 1669 5331 Marculfi
1678 5262 1768 5331 form.
1781 5261 1874 5327 1,11.

216 5365 245 5405 ⁴5
264 5355 416 5425 (Jraeta'arn
432 5355 741 5428 Capdceacrcprom.
755 5357 861 5427 abac
875 5357 900 5412 7.
996 5356 1046 5428 35)
1066 5356 1458 5429 stamop.acigner,cw·ara
1552 5359 1602 5430 36)
1626 5360 1812 5429 CJr.a'nsrac.
1828 5358 1863 5413 57

263 5452 312 5522 av)
334 5451 463 5527 cange.
558 5453 609 5524 aa)
636 5436 1874 5528 Uadadtamamttiommetraidiaaanpmaicmtomadpalaaoqmadbomm

257 5552 614 5622 prcoetoadoramratabw
624 5553 855 5624 raparatcafiaat.
