4380 6248
825 394 968 450 KAROLl
990 393 1116 449 MAGNI
1132 389 1406 449 'carmanum
1877 385 1919 448 45

310 573 367 637 per
395 555 501 616 omnia
529 551 680 616 omnibus
708 558 901 616 aunaturam
927 555 1051 634 portare
1078 548 1128 612 rel
1154 566 1313 633 pugnare,
1340 549 1450 610 autin
1478 546 1651 610 exercitum
1680 546 1769 608 etin
1796 545 1918 607 hostem

311 675 454 739 pergere,
481 656 612 719 omnino
639 654 859 739 prohibemus,
886 653 947 715 nisi
974 651 1018 714 illi
1046 649 1266 714 tautummodo
1292 651 1346 732 qui
1376 654 1502 733 propter
1528 648 1673 711 <livinum
1699 647 1920 725 ministerium,

313 759 481 821 missarum
504 758 621 821 scilicet
641 757 795 820 solemnia
815 754 1015 839 adimplenda
1035 762 1066 816 et
1087 759 1267 816 sanctorum
1289 752 1464 835 patrocinia
1488 750 1656 834 portanda,
1684 749 1723 812 ad
1749 749 1808 812 hoc
1829 747 1918 811 electi

313 867 396 923 sunt.
446 858 481 922 Id
508 866 556 923 est
584 879 686 922 unum
707 857 757 921 vel
791 857 872 921 duos
905 858 1067 941 episcopos
1096 875 1169 918 cum
1199 854 1368 938 capellanis
1394 852 1607 937 presbyterisb
1639 852 1785 935 princeps
1810 869 1918 914 secum
1970 852 1972 857 '

282 961 440 1041 shabeat,
467 968 497 1025 et
522 963 745 1044 unusquisque
765 959 941 1044 praefectus
966 978 1068 1022 unum
1090 957 1329 1042 presbyterum,
1357 955 1433 1039 quib
1462 954 1644 1018 homiuibus
1669 959 1795 1037 peccata
1822 951 1918 1015 confi·

313 1063 452 1127 tentibus
473 1063 610 1126 imlicare
632 1069 662 1125 et
684 1061 822 1125 indicare
843 1062 1066 1144 poenitentium
1087 1061 1186 1143 possit
1196 1059 1211 1122 ’.

413 1167 440 1229 2.
484 1164 526 1228 Ut
548 1165 725 1228 sacerdotes
746 1183 850 1248 neque
870 1163 1115 1226 christianorum
1134 1181 1239 1245 neque
1259 1180 1454 1245 paganorum
1479 1161 1667 1242 sauguinem
1688 1157 1832 1221 fundant

413 1269 441 1331 3.
483 1266 682 1331 ‘Omnibusl
695 1330 698 1334 ,
711 1268 811 1330 servis
830 1264 1094 1328 Dei‘veuationes
1116 1271 1148 1327 et
1167 1264 1325 1327 silvaticas
1347 1265 1529 1347 vagationes
1553 1282 1627 1325 cum
1648 1261 1799 1341 canibuS,
1832 1266 1863 1324 et
1884 1265 1920 1322 ut

313 1371 475 1453 accipitres
496 1376 527 1433 et
546 1369 684 1432 falcones
707 1389 771 1432 uon
791 1368 941 1439 habeant.
963 1366 1180 1430 interdicimus
1190 1365 1206 1428 ’.

270 1489 296 1526 ¹⁰
412 1474 440 1535 l.
480 1471 711 1551 ‘Statuin111s³,
740 1477 776 1534 ut
809 1470 985 1533 secuudum
1015 1470 1199 1531 canonicam
1233 1469 1388 1532 cautelam
1422 1488 1533 1532 omues
1568 1468 1783 1550 undecunque
1812 1484 1920 1549 supcr-

315 1575 475 1637 venientes
496 1574 621 1657 ignotos
637 1575 799 1657 episcopos
810 1572 860 1634 vel
881 1569 1080 1654 presbyteros
1095 1577 1167 1633 ante
1187 1570 1403 1654 probationem
1418 1570 1601 1652 synodalem
1623 1571 1657 1632 in
1674 1568 1920 1633 ecclesiasticum

314 1676 526 1739 ministerium
548 1695 611 1738 non
634 1675 872 1738 admitteremus
882 1673 897 1734 '.
964 1729 972 1739 .

413 1779 442 1841 b.
485 1775 518 1841 Si
539 1777 714 1840 sacerdotes
736 1776 843 1860 plures
867 1793 985 1839 uxores
1006 1775 1175 1838 habuerint
1195 1765 1245 1838 lcl
1267 1776 1454 1858 sanguinem
1480 1775 1724 1838 christianorum
1752 1773 1802 1837 vel
1829 1792 1922 1857 paga-

315 1897 428 1941 norum
454 1877 593 1941 fuderint
620 1885 675 1941 aut
698 1877 875 1940 canonibus
903 1876 1115 1958 obviaverint,
1142 1877 1313 1941 sacerdotio
1342 1878 1522 1960 priventur,
1549 1879 1625 1960 quia
1650 1877 1818 1939 deteriores
1847 1879 1923 1937 sunt

269 2001 296 2039 n
314 1979 518 2043 accularibus.

415 2084 442 2147 6.
483 2080 748 2157 ‘Decrevimus4,
790 2089 824 2144 ut
854 2082 1030 2145 secuudum
1062 2101 1199 2145 canones
1239 2082 1462 2165 unusquisque
1493 2083 1659 2165 episcopus
1692 2083 1723 2144 iu
1760 2100 1817 2143 sua
1851 2102 1921 2165 par·

315 2183 421 2245 rochia
442 2181 686 2246 sollicitudinem
707 2183 867 2261 adhibeat,
887 2183 1058 2246 arliuvaute
1076 2183 1216 2265 grafione
1238 2185 1292 2266 qui
1310 2182 1455 2245 defensor
1476 2183 1625 2246 eclesiae
1645 2189 1708 2265 est,
1730 2190 1765 2247 ut
1785 2183 1922 2268 populus

316 2283 372 2348 Dei
401 2285 551 2368 paganias
578 2305 643 2347 nou
669 2285 775 2363 faciat,
803 2285 857 2348 sed
885 2293 920 2348 ut
946 2305 1056 2348 orrrnes
1081 2289 1248 2369 spurcitias
1272 2287 1457 2369 gentilitatis
1485 2286 1599 2348 abiciat
1627 2293 1657 2348 et
1686 2293 1828 2370 respuat,
1856 2288 1923 2350 aive
1974 2331 1981 2338 -

315 2388 446 2471 profana
469 2387 622 2450 sacrificia
643 2395 842 2451 mortuorum
864 2390 931 2452 sive
952 2389 1115 2471 sortilegos
1135 2389 1187 2452 rel
1208 2389 1333 2452 divinos
1353 2391 1420 2452 sive
1441 2389 1632 2472 phylacteria
1652 2396 1683 2451 et
1701 2391 1833 2471 auguria
1855 2390 1924 2452 sive

269 2513 297 2551 ao
316 2489 544 2573 incantationes
565 2491 632 2552 sire
654 2489 771 2553 hostias
792 2491 1021 2571 immolatitias,
1051 2511 1130 2574 quas
1152 2492 1239 2554 stulti
1261 2491 1405 2554 homiues
1427 2491 1517 2555 iuxta
1537 2491 1684 2554 ecclesius
1711 2493 1774 2554 ritu
1801 2511 1923 2575 pagano

315 2591 436 2654 faciunt
456 2590 517 2655 sub
538 2593 667 2654 nomine
688 2599 870 2655 sanctinum
892 2599 1067 2673 martyrum
1090 2593 1139 2656 vel
1160 2593 1374 2656 confessorum
1398 2590 1541 2673 Domini,
1563 2594 1618 2675 qui
1639 2593 1744 2676 potius
1766 2613 1862 2675 quam
1884 2593 1922 2656 ad

316 2693 562 2756 misericordiam
585 2700 710 2756 sanctos
731 2714 807 2757 suos
827 2694 867 2756 ad
892 2694 1086 2757 iracundiam
1108 2702 1281 2779 provocant
1289 2695 1304 2757 ’.

417 2797 444 2859 7.
485 2794 679 2874 StatuimuS,
701 2802 737 2858 ut
758 2796 893 2878 singulis
915 2798 1008 2859 anuis
1031 2799 1255 2880 unusquisque
1275 2799 1442 2880 episcopus
1463 2797 1658 2881 paimoniam
1680 2817 1771 2860 suam
1793 2798 1925 2862 sollicite

316 2900 503 2977 circumeat,
533 2904 564 2960 et
583 2898 736 2981 populum
758 2898 945 2962 confirmare
966 2906 996 2963 ct
1017 2898 1124 2983 plebes
1145 2899 1256 2962 (locere
1276 2907 1307 2962 et
1329 2900 1531 2982 investigare,
1552 2905 1583 2961 et
1603 2898 1767 2981 prohibere
1787 2920 1925 2983 paganas

271 3025 299 3064 aa
317 3000 551 3064 observationes
572 3000 761 3083 divinosque
775 3001 824 3064 vel
846 3001 1009 3084 sortilegos
1024 3009 1079 3065 aut
1097 3003 1249 3082 auguria,
1270 3001 1474 3084 phylacteria,
1494 3002 1724 3065 inuurtatioues
1745 3001 1793 3065 rel
1815 3021 1925 3065 omnes

318 3104 483 3186 spurcitias
502 3102 667 3186 gentilium
690 3103 821 3166 studeat.

370 3209 372 3214 ’
417 3212 445 3270 a.
486 3202 729 3267 ‘Decrevimusf’
751 3225 878 3289 quoque
899 3208 990 3269 iuxta
1011 3213 1192 3270 sauctorum
1215 3225 1368 3278 canones,
1395 3211 1430 3268 ut
1453 3207 1676 3288 mrusquisque
1701 3204 1865 3288 presbyter
1891 3207 1924 3268 iu

287 3365 292 3371 .
318 3307 480 3390 parrochia
507 3305 651 3369 habitans
678 3308 823 3391 episcopo
845 3308 1007 3372 subiectus
1037 3311 1077 3372 sit
1103 3310 1147 3372 illi
1175 3311 1207 3372 in
1229 3310 1322 3373 cuius
1343 3308 1506 3391 parrochia
1526 3307 1662 3388 habitat,
1690 3313 1721 3370 et
1747 3327 1870 3392 semper
1891 3311 1923 3372 in

319 3409 559 3492 quadragesima
579 3409 731 3471 rationem
754 3414 785 3471 et
805 3409 945 3473 irrrliuem
969 3413 1135 3475 nriuisterii
1157 3413 1223 3492 sui,
1245 3413 1312 3475 sivo
1333 3411 1372 3474 de
1390 3409 1545 3493 baptismo
1560 3411 1627 3472 siro
1641 3409 1680 3473 de
1695 3410 1757 3473 lide
1772 3411 1923 3490 catholica

274 3512 385 3574 sasire
407 3511 446 3574 de
459 3501 613 3594 'panibus
634 3516 666 3573 et
685 3511 795 3573 ordine
816 3513 1005 3589 missarum,
1026 3515 1171 3596 episcopo
1193 3513 1300 3577 reddat
1320 3518 1369 3576 otc
1391 3511 1562 3575 ostendat&
1605 3511 1646 3574 Et
1668 3512 1925 3596 quandocunque

320 3614 387 3676 imo
408 3613 559 3674 canonico
574 3613 740 3695 episcopus
753 3614 924 3676 circumeat
939 3615 1135 3695 parrochiam
1155 3615 1287 3698 pupulos
1301 3614 1340 3677 ud
1357 3614 1606 3694 confimrandos,
1626 3614 1790 3698 presbyter
1802 3634 1925 3698 semper

320 3722 446 3798 paratus
467 3716 508 3776 sit
528 3712 567 3777 ad
590 3715 825 3796 suscipicurlum
847 3717 1031 3799 episcopum
1052 3737 1125 3780 cum
1148 3717 1330 3780 collectione
1351 3726 1381 3779 ot
1402 3716 1556 3779 adiutorio
1578 3716 1684 3798 populi
1708 3718 1762 3799 qui
1787 3716 1828 3779 ibi
1850 3736 1925 3779 cou-

320 3816 438 3880 tlnnari
460 3815 560 3880 debet.
603 3815 644 3879 Et
666 3817 698 3878 in
719 3836 816 3879 coena
838 3814 966 3881 Domini
995 3837 1119 3901 semper
1145 3839 1264 3882 uuvum
1285 3819 1421 3881 chrisma
1450 3817 1489 3880 ab
1517 3819 1661 3900 episcopo
1683 3838 1741 3880 suo
1770 3819 1927 3900 quaerat’,

320 3930 349 3981 et
370 3920 408 3982 ilc
426 3925 529 3982 vetera
552 3918 660 3981 nullus
682 3918 839 4001 baptizare
859 3929 1056 4004 praesumat,
1078 3921 1131 3985 sed
1154 3921 1262 3984 anlere
1283 3922 1314 3982 iu
1339 3918 1549 3983 luminaribus
1569 3919 1736 3982 ccclesiuc‘l
1757 3926 1924 3984 vetusnou

276 4039 301 4076 ι’»
321 4021 407 4083 tarde
424 4028 447 4082 t.

419 4128 447 4186 a.
491 4121 532 4185 Ut
553 4141 646 4185 naum
667 4124 797 4205 accipiat
818 4124 981 4186 eclesiam
1004 4123 1084 4185 infra
1105 4124 1299 4206 parrochiam
1328 4125 1397 4186 siue
1424 4143 1580 4187 ‹rurrscusu
1609 4125 1747 4207 episcopi
1774 4125 1839 4204 sui,
1868 4143 1926 4187 uec

321 4224 359 4285 «le
382 4244 444 4286 una
465 4224 502 4286 ad
525 4224 618 4287 aliam
640 4229 786 4287 trauseat.

423 4329 468 4390 lu.
513 4324 554 4388 Ut
574 4324 614 4387 ‹le
634 4327 762 4387 incestis
783 4336 813 4389 et
834 4327 1013 4390 criminosis
1035 4343 1201 4409 magnam*
1223 4347 1331 4390 curam
1347 4328 1482 4391 habeant
1498 4328 1707 4408 sacerrlotcs‘,
1729 4330 1783 4390 nef
1804 4331 1835 4390 iu
1859 4331 1927 4392 suis

322 4434 448 4509 pereant
468 4426 655 4506 sceleribus,
681 4437 712 4490 ct
733 4429 857 4491 animae
880 4448 991 4492 corum
1012 4450 1031 4492 a
1051 4430 1191 4493 districto
1219 4430 1323 4492 iudice
1344 4429 1466 4494 Chn'sto
1493 4431 1539 4492 cis
1567 4432 1790 4514 requirantur‘.
1833 4431 1926 4494 Simi-

276 4550 303 4587 la
323 4530 391 4592 liter
412 4530 451 4591 ‹le
471 4527 605 4591 infirmis
626 4539 656 4592 ct
678 4529 928 4611 poenitentibus,
959 4541 993 4594 ut
1014 4533 1184 4594 morientes
1206 4533 1275 4595 siue
1301 4533 1412 4594 sacrati
1434 4530 1493 4593 olei
1517 4534 1665 4595 unctione
1692 4540 1722 4595 et
1749 4533 1927 4596 reconcilia·

323 4633 406 4694 tione
425 4641 456 4693 et
478 4632 590 4693 viatico
612 4650 674 4693 nou
697 4630 873 4695 deliciante

423 4896 452 4966 b)
474 4898 536 4949 Hoc
546 4885 653 4966 qaaoqlae
663 4899 723 4950 loco
736 4898 897 4950 lleraerlictraa
916 4906 1031 4964 rachim,
1052 4902 1137 4952 codes
1157 4916 1219 4952 aero
1234 4900 1423 4952 hevulmaema
1435 4900 1544 4967 falsum
1563 4899 1700 4951 lecticulam
1713 4901 1827 4951 aea-raum
1838 4900 1926 4953 lanne:

323 4975 498 5047 presbyteris.
546 4976 580 5030 Et
594 4978 782 5048 uuusquisque
802 4978 931 5047 princeps
946 4996 1030 5031 rmum
1050 4979 1241 5050 presbyterum
1262 4998 1354 5034 secum
1371 4979 1486 5046 habeat,
1506 4980 1553 5050 qui
1568 4979 1627 5032 rell.
1719 4979 1745 5048 c)
1768 4988 1795 5034 et
1807 4987 1856 5034 ost„
1872 4999 1924 5033 oua.

323 5058 620 5122 i·0‹1.1,‹1n‹1.,-‹uaant
636 5059 714 5110 carlus
731 5060 808 5127 ripnul
821 5060 922 5110 cerua
939 5066 964 5110 et
979 5060 1007 5110 ia
1023 5058 1188 5112 Kurlmnnna'
1198 5061 1353 5130 capitulari.
1455 5060 1484 5115 dl
1505 5061 1544 5111 itu
1557 5061 1634 5129 upnul
1649 5061 1769 5127 Boram
1789 5060 1924 5114 ccclesiae

279 5147 306 5186 aa
323 5136 407 5191 iaciat
418 5139 480 5189 cod.
495 5138 584 5189 latui.
658 5137 685 5201 c)
706 5156 799 5191 curam
812 5145 909 5207 gerunt
920 5140 1075 5193 sacerdotes
1088 5157 1213 5211 maguam
1230 5143 1331 5193 Banal.
1398 5140 1472 5202 tluc
1561 5139 1736 5210 requirantur
1746 5157 1798 5191 oria.
1813 5141 1925 5207 lima,

324 5218 400 5270 rerba
410 5220 533 5284 jartam
546 5218 651 5288 alnaria.
731 5216 761 5287 g)
782 5225 923 5271 transcant
935 5220 1036 5271 [terami.

297 5427 334 5545 ς’
423 5462 453 5533 a)
476 5463 564 5534 calar.
578 5463 806 5517 carantaniae
826 5465 870 5517 aa.
883 5465 1007 5534 acam.
1101 5464 1131 5534 a)
1155 5465 1223 5536 cup.
1236 5463 1264 5517 4.
1283 5466 1328 5517 aa.
1422 5465 1452 5533 a)
1476 5463 1580 5536 capo.
1593 5466 1637 5518 aa.
1647 5464 1921 5535 primariae

323 5568 464 5615 mamam.
546 5560 576 5632 5)
599 5560 667 5633 Cap.
675 5560 704 5615 3.
715 5561 760 5614 cit.
767 5600 776 5629 ,
790 5565 849 5631 fine
861 5570 950 5615 tomen
962 5569 1075 5615 malote.
