4380 6248
268 367 306 431 74
782 369 925 425 KdROLl
949 369 1074 424 MAGNI
1095 368 1364 427 CAPITULARIA.

268 553 522 617 iudicaverunti:
553 554 627 637 qui‘¹
655 573 751 636 supra
777 552 966 615 sanctissimi
996 557 1100 634 patres
1121 552 1221 614 nostri
1253 551 1444 614 omnimodis
1464 551 1697 615 adorationem‘
1723 556 1756 615 et
1779 552 1870 615 serri-

270 662 368 719 tutem
390 661 583 719 rennuentes
603 659 860 739 contempserunt
880 661 975 736 atque
994 654 1226 717 consentientes
1247 652 1567 735 condempnaverunt

368 761 397 824 3.
440 756 501 821 His
520 758 669 842 peractis‘
687 757 726 821 de
745 756 904 820 Tasilonii
930 756 1095 819 definitum
1116 760 1163 819 θεῖ
1185 755 1375 837 capitulum,
1402 756 1458 838 qui
1479 754 1603 819 dudum
1622 752 1787 819 Baioariae
1808 754 1870 819 dux

269 861 386 939 inerat,
420 860 569 923 sobrinus
594 859 738 923 videlicet
763 857 872 920 domni
901 856 1008 920 Karoli
1038 858 1128 939 regis.
1174 856 1212 919 In
1240 856 1344 920 medio
1371 858 1563 921 sanctissimi
1589 856 1717 921 adstetit
1743 857 1872 935 concilii,

270 963 394 1025 veniam
417 982 531 1046 rogans
553 982 609 1045 pro
630 961 807 1024 commissis
828 959 945 1043 culpiS,
968 964 1033 1022 tam
1064 979 1160 1042 quam
1181 964 1322 1042 tempore
1342 958 1450 1021 domui
1470 958 1598 1043 Pippini
1620 960 1704 1043 regis
1724 958 1872 1024 adversus
1898 978 1911 1019 r

270 1084 344 1127 eum
371 1067 402 1127 θῖ
422 1066 510 1147 regni
536 1063 730 1127 Francorum
755 1062 970 1137 commiserat,
1001 1081 1098 1144 quam
1125 1066 1156 1124 et
1182 1081 1262 1143 quas
1282 1066 1391 1144 postea
1410 1059 1470 1124 sub
1493 1060 1601 1125 domni
1622 1062 1721 1125 nostri
1743 1062 1871 1144 piissimi

270 1166 378 1230 Karoli
399 1169 496 1251 regis,
521 1169 554 1229 in
579 1165 697 1249 quibus
718 1164 879 1227 fraudator
896 1162 970 1227 fidei
992 1182 1069 1227 suae
1089 1165 1249 1227 extiterat:
1277 1163 1508 1247 indulgentiam
1527 1170 1564 1226 ut
1583 1162 1623 1227 ab
1644 1182 1682 1227 eo
1703 1170 1874 1227 mercretur

270 1270 427 1352 accipere,
451 1268 563 1331 humili
590 1268 739 1351 petitione
759 1268 849 1330 risus
870 1272 918 1329 θεῖ
939 1265 1127 1350 postulasse,
1149 1265 1316 1329 demittens
1337 1266 1481 1329 videlicet
1501 1285 1581 1349 puro
1602 1266 1709 1329 auimo
1731 1267 1812 1329 iram
1831 1274 1875 1329 ut·

271 1390 333 1454 qne
354 1390 481 1435 omnem
503 1370 686 1433 scandalum
708 1370 747 1433 de
767 1375 854 1453 parto
875 1388 947 1448 sua,
974 1388 1120 1451 quaeque
1141 1370 1174 1430 iu
1195 1387 1231 1431 eo
1252 1373 1428 1451 perpetrata
1445 1367 1558 1433 fuisset
1577 1374 1609 1433 et
1628 1366 1755 1433 sciebat
1798 1366 1875 1433 Nec·

271 1492 336 1536 non
365 1492 492 1537 omnem
520 1474 671 1536 iustitiam
698 1482 729 1535 et
754 1491 805 1535 res
832 1472 1044 1554 proprietatis
1072 1477 1229 1553 quantum
1256 1470 1301 1533 illi
1327 1476 1384 1533 ant
1414 1469 1489 1533 filiis
1515 1470 1568 1535 vel
1594 1468 1721 1535 filiabus
1748 1470 1818 1533 suis
1841 1471 1875 1533 iu
1891 1494 1916 1531 u

271 1574 384 1638 ducato
407 1574 624 1638 Baioariorum
646 1574 783 1657 legitime
803 1574 959 1656 pertinere
980 1571 1168 1651 debuerant,
1193 1573 1333 1655 gurpivit
1353 1579 1448 1655 atque
1468 1573 1597 1656 proiecit
1617 1580 1664 1653 et,
1683 1574 1718 1635 in
1741 1576 1877 1657 pestrue-

271 1677 348 1740 dum
369 1677 456 1739 omni
476 1677 529 1739 lite
552 1676 716 1755 calcanda,
736 1677 804 1739 sine
825 1675 890 1739 ulla
910 1676 1094 1757 repetitione
1114 1673 1261 1754 indulsit,
1282 1682 1332 1738 ct⁸
1355 1674 1429 1738 liliis
1450 1694 1488 1738 ao
1507 1673 1635 1739 filiabus
1655 1676 1725 1739 suis
1738 1675 1770 1737 in
1791 1672 1877 1737 illius

272 1778 484 1843 misericordia
505 1778 744 1842 commendavit.
785 1777 827 1841 Et
848 1778 963 1841 idcirco
984 1777 1121 1840 domnus
1141 1782 1261 1855 noster,
1283 1776 1496 1840 misericordia
1518 1784 1639 1856 motus,
1664 1776 1803 1861 praefato
1821 1774 1877 1841 Ta·

272 1881 363 1944 siloni
384 1881 524 1964 gratuitu
547 1882 653 1943 animo
675 1886 706 1943 et
725 1881 835 1963 culpas
853 1885 1045 1963 perpetratas
1066 1879 1198 1942 indulsit
1218 1887 1248 1942 et
1268 1880 1369 1962 gratia
1391 1879 1522 1962 pleniter
1541 1880 1697 1943 concessit
1716 1887 1748 1943 ct
1767 1880 1803 1943 iu
1819 1898 1877 1943 sua

271 1983 461 2047 aelemosina
481 2002 555 2046 eum
584 1984 617 2046 in
645 2002 750 2046 amore
778 1982 953 2045 dilectionis
975 1982 1063 2044 visus
1084 1987 1132 2043 est
1152 1982 1344 2063 suscepisse,
1373 1987 1408 2044 ut
1431 2001 1562 2045 securus
1582 1978 1641 2045 Ilei
1662 1980 1877 2045 misericordia
1894 2004 1918 2046 u

271 2086 419 2149 existeret
445 2086 579 2148 inantea.
622 2084 714 2149 Unde
741 2090 804 2147 tres
834 2083 944 2146 breves
972 2103 1011 2146 ex
1034 2084 1092 2146 hoc
1114 2082 1250 2166 capitulo
1272 2103 1337 2147 uno
1358 2090 1467 2147 tenore
1486 2085 1680 2167 conscriptos
1699 2082 1769 2149 fieri
1791 2102 1877 2167 prae·

270 2188 365 2271 cepit:
390 2188 544 2250 nnumin
565 2187 678 2270 palatio
699 2186 915 2264 retinendum,
936 2186 1034 2248 alium
1055 2186 1192 2268 praelato
1212 2185 1365 2257 Tosiloni,
1386 2194 1423 2250 ut
1443 2205 1552 2249 secum
1573 2185 1701 2249 haberet
1718 2186 1753 2248 iu
1768 2204 1877 2249 mona·

271 2290 380 2367 sterio,
401 2289 556 2368 dandum,
577 2291 706 2352 tertium
727 2309 802 2352 vero
825 2290 857 2350 in
879 2289 959 2350 sacri
976 2288 1087 2370 palacii
1109 2287 1228 2371 capella
1248 2287 1482 2351 recondendum
1503 2286 1571 2351 fieri
1591 2288 1692 2351 iussit

370 2394 398 2454 4.
440 2390 556 2455 Statuit
585 2392 747 2475 piissimus
774 2390 911 2454 domnus
940 2400 1046 2453 noster
1071 2410 1143 2470 rex,
1170 2391 1380 2453 consentienti
1407 2398 1514 2453 sancta
1540 2389 1678 2471 synodo,
1704 2395 1742 2453 ut
1768 2386 1877 2453 nullus

271 2494 379 2572 homo,
401 2495 467 2556 sire
488 2493 717 2557 ecclesiasticus
738 2495 806 2556 sire
826 2492 925 2555 laicus
947 2494 1001 2565 sit,
1023 2502 1059 2554 ut
1079 2513 1245 2576 nunquam
1267 2494 1371 2556 carius
1392 2492 1508 2556 vendat
1526 2511 1700 2571 annonam,
1719 2493 1787 2557 sive
1799 2498 1877 2555 tem·
1893 2514 1919 2553 n

271 2615 345 2679 porc
367 2595 578 2658 abundantiae
604 2597 671 2659 sire
698 2605 837 2678 tempore
862 2595 1015 2667 caritatis
1043 2615 1139 2676 qnam
1165 2595 1308 2658 modium
1335 2594 1498 2678 publicum
1521 2602 1552 2659 θῖ
1571 2596 1696 2659 noviter
1715 2600 1877 2673 statutum,

273 2697 435 2760 demedio
463 2697 501 2759 de
528 2716 628 2759 avena
649 2696 776 2759 denario
799 2716 878 2773 uno,
906 2697 1011 2758 modio
1038 2698 1115 2759 ordii
1139 2697 1287 2760 denarius
1309 2697 1389 2777 duo,
1419 2697 1524 2761 nrodio
1545 2697 1642 2781 sigalo
1661 2696 1782 2761 denarii
1803 2702 1877 2759 tres,

273 2799 377 2861 nmdio
398 2799 545 2861 frumenti
569 2798 689 2861 denarii
710 2808 852 2879 quatuor.
894 2797 926 2861 Si
949 2818 1023 2861 vero
1044 2800 1078 2860 in
1102 2818 1183 2882 pane
1203 2799 1339 2862 rendere
1360 2798 1509 2879 volucrit,
1531 2799 1697 2863 duodecim
1717 2818 1816 2883 panes
1835 2798 1874 2863 dc

273 2901 446 2980 frumento,
474 2899 624 2963 habentes
644 2900 761 2983 singuli
785 2899 880 2963 libras
900 2900 995 2976 duas,
1026 2920 1082 2985 pro
1109 2901 1236 2964 denario
1258 2902 1332 2965 dare
1352 2901 1475 2979 debeat,
1503 2901 1665 2985 sigalatius
1692 2900 1873 2985 quindecim

274 3022 375 3085 aequo
396 3003 532 3086 pondere
552 3022 608 3085 pro
624 3003 766 3082 denario,
785 3002 951 3066 ordeaceos
971 3004 1084 3086 viginti
1106 3003 1249 3066 similiter
1269 3009 1452 3087 pensantes,
1472 3006 1634 3069 avenatios
1654 3004 1768 3088 viginti
1780 3004 1874 3087 quin·
1892 3028 1919 3068 as

274 3125 336 3188 quc
364 3104 507 3167 similiter
528 3115 702 3187 pensantes.
744 3102 790 3167 De
811 3124 885 3168 vero
907 3125 1010 3168 anona
1032 3104 1157 3189 publica
1184 3105 1292 3167 domni
1319 3107 1416 3189 regis,
1444 3108 1472 3167 si
1497 3106 1679 3170 venundata
1701 3106 1812 3186 fuerit,
1838 3103 1876 3168 de

273 3226 374 3269 arena
395 3206 520 3269 modius
540 3205 572 3269 Π
592 3227 648 3291 pro
669 3207 811 3279 denario,
833 3207 926 3270 ordeo
949 3207 1017 3271 alen.
1036 3207 1067 3285 I,
1088 3208 1186 3290 sigalo
1210 3208 1279 3270 den.
1302 3207 1347 3287 II,
1367 3208 1526 3272 frumento
1546 3206 1873 3272 meduanensem

273 3308 314 3371 Εῖ
340 3309 395 3391 qui
423 3316 566 3372 nostrum
593 3308 685 3372 habet
703 3308 908 3389 beneficium,
940 3308 1178 3390 diligentissime
1199 3310 1393 3393 praevideat,
1421 3319 1577 3394 quantum
1606 3314 1708 3394 potest
1726 3308 1795 3373 Deo
1823 3310 1876 3373 do-

274 3421 384 3489 nante,
406 3421 440 3474 ut
462 3410 572 3474 nullus
594 3430 634 3473 err
655 3412 821 3494 mancipiis
843 3410 882 3473 ad
903 3411 993 3474 illum
1016 3413 1208 3494 pertinentes
1228 3411 1419 3476 beneficium
1434 3412 1717 3487 sarnenmcriatur3
1739 3420 1772 3475 et
1791 3410 1874 3495 quod

274 3523 416 3596 superest
437 3513 522 3576 illins
540 3514 676 3576 familiae
696 3515 928 3591 necessitatem,
948 3514 1006 3576 lmc
1026 3512 1123 3577 libere
1144 3514 1259 3577 vendat
1281 3516 1349 3578 inre
1370 3516 1569 3598 praescripto.
1892 3540 1918 3581 n

373 3617 401 3679 ὁ.
444 3613 491 3678 1)θ
513 3615 648 3678 denariis
669 3622 774 3678 autem
796 3616 968 3678 certissimo
991 3617 1096 3679 sciatis
1118 3625 1262 3679 nostrum
1284 3617 1435 3696 edietum,
1464 3617 1549 3701 quod
1569 3618 1604 3681 in
1625 3618 1711 3681 omni
1732 3616 1817 3697 loco,
1842 3618 1875 3681 in

274 3718 359 3780 ‹urrui
381 3719 506 3781 civitate
531 3728 561 3781 et
587 3719 724 3781 inomni
746 3719 902 3801 ompturio
925 3719 1069 3781 similiter
1091 3720 1205 3781 radant
1225 3721 1277 3783 isti
1302 3720 1397 3782 noriss
1423 3720 1542 3783 denarii
1564 3727 1595 3784 et
1615 3721 1812 3805 accipiantur
1836 3718 1875 3784 ab

274 3819 430 3883 carnibus.
472 3818 505 3883 Si
533 3828 637 3884 autem
669 3821 809 3883 nominis
838 3822 935 3883 nostri
964 3823 1121 3884 nomisma
1148 3821 1264 3885 habeut
1292 3829 1323 3885 et
1353 3842 1438 3885 mero
1465 3832 1541 3886 snut
1565 3830 1711 3907 argento,
1745 3822 1876 3907 pleniter

273 3932 456 4004 pensantes,
483 3924 508 3985 si
531 3924 603 4005 quis
623 3923 806 3985 contradicit
827 3941 879 3985 eos
901 3924 933 3985 in
958 3923 1021 3985 ullo
1041 3923 1108 3985 loco
1131 3925 1162 3985 in
1185 3924 1292 4006 aliquo
1313 3925 1438 4007 negotio
1459 3925 1627 4007 emptionis
1649 3924 1698 3989 rel
1724 3924 1876 3990 venditio-

274 4024 337 4085 nis:
359 4025 384 4086 si
409 4025 567 4107 ingenuus
587 4030 634 4087 est
655 4025 764 4104 homo,
785 4026 965 4107 qniruleoim
988 4026 1104 4090 solidos
1127 4034 1283 4111 conponat
1303 4027 1341 4089 ad
1364 4046 1444 4110 opus
1464 4028 1560 4109 regis3
1579 4028 1606 4090 si
1626 4027 1751 4091 servilis
1769 4028 1876 4093 condi·
1892 4044 1917 4085 ³⁵

273 4126 384 4191 tionis.
406 4127 431 4188 si
454 4145 549 4189 sunm
571 4134 619 4188 est
639 4126 717 4189 illud
738 4129 900 4210 negotium
921 4129 1097 4211 proprium,
1118 4130 1226 4212 perdat
1246 4129 1325 4191 illud
1340 4131 1501 4212 negotium
1514 4136 1570 4192 aut
1586 4128 1762 4213 flagelletur
1771 4128 1877 4195 nudus

275 4225 312 4287 ad
334 4226 457 4309 palamh
482 4247 588 4290 coram
618 4228 747 4310 populo,
777 4230 803 4291 si
832 4236 936 4317 antem
968 4250 1007 4293 ex
1037 4232 1177 4294 iussione
1199 4232 1248 4294 sui
1269 4231 1388 4295 domiui
1410 4231 1531 4311 fecerit,
1559 4236 1635 4295 tnnc
1655 4230 1708 4295 ille
1728 4232 1877 4297 dominus

275 4328 389 4390 solidos
410 4329 590 4412 qnimlecim
614 4337 794 4413 conprimat,
818 4333 843 4394 si
867 4334 893 4395 ci
917 4332 1122 4415 adprobatum
1144 4334 1246 4396 inerit.

375 4434 401 4494 c.
444 4430 603 4495 Statutum
629 4443 676 4493 est
700 4452 716 4493 a
743 4434 859 4496 donmo
886 4454 957 4517 rege
978 4443 1007 4497 et
1032 4442 1139 4497 sancta
1166 4436 1301 4516 synodo,
1328 4443 1364 4498 ut
1391 4437 1529 4520 episcopi
1549 4437 1686 4501 iustitias
1704 4436 1822 4502 faciant
1842 4440 1874 4502 ic

276 4534 342 4595 suis
362 4535 558 4616 pamacclriis.
599 4534 631 4597 Si
655 4554 717 4597 uon
735 4534 906 4600 oboedierit
924 4538 1030 4620 aliqua
1048 4558 1181 4621 persona
1194 4539 1338 4621 episcopo
1355 4558 1413 4601 suo
1429 4538 1468 4601 do
1489 4537 1668 4618 abbatibus,
1684 4539 1875 4624 presbiteris,
1891 4554 1919 4597 ιθ

277 4633 473 4706 siluestribus,
492 4636 753 4715 subdiaconibus,
773 4638 936 4701 monachis
957 4649 987 4701 ct
1008 4641 1137 4703 caeteris
1158 4640 1279 4703 clericis
1299 4639 1349 4703 vel
1370 4641 1463 4703 etiam
1478 4641 1548 4703 aliis
1569 4642 1602 4703 in
1616 4642 1686 4705 eins
1704 4642 1876 4726 parrochia,

277 4736 403 4798 vernent
423 4737 461 4799 ad
483 4740 754 4822 metropolitanum
777 4760 887 4819 sunm,
909 4751 939 4803 et
961 4740 1012 4803 illc
1036 4741 1186 4804 diiudicet
1204 4762 1332 4805 cansam
1351 4761 1425 4805 cnm
1439 4744 1644 4827 suffraganeis
1657 4744 1733 4807 suis
1774 4744 1876 4809 Corm-

277 4840 323 4893 tes
344 4853 470 4916 «proque
497 4839 593 4899 nostn
616 4841 745 4903 veniant
772 4842 809 4904 ad
835 4843 989 4906 indicium
1016 4845 1242 4927 episcoporum.
1284 4844 1324 4906 Et
1351 4845 1378 4907 si
1399 4844 1517 4929 aliquid
1539 4846 1689 4930 estquod
1710 4848 1875 4931 episcopus

375 5040 392 5091 d
426 5042 542 5109 (panum).
603 5063 625 5110 e
650 5054 678 5099 ct
698 5048 883 5104 ‹initioncml
937 5050 954 5119 f
981 5053 1165 5122 peragratisl.
1216 5052 1246 5124 g]
1261 5055 1334 5105 orme
1347 5072 1418 5109 curn.
1481 5052 1512 5121 bl
1525 5054 1728 5125 palnmeorrip.
1742 5054 1855 5107 utilem.

378 5256 407 5305 cl
431 5255 491 5323 ξίν.
509 5257 573 5309 libri
586 5258 709 5312 Llnolmr'
724 5263 759 5313 ela
776 5263 858 5332 [inpio
877 5265 1024 5333 inanqr'nunr
1043 5267 1131 5333 realta,
1145 5270 1304 5338 praesertim
1313 5270 1370 5322 III.
1383 5270 1435 5341 273
1453 5273 1502 5325 aad
1517 5278 1573 5324 wan
1586 5272 1708 5339 synodus
1720 5270 1873 5325 Famem
1888 5278 1914 5321 4⁵

270 5352 404 5417 sartensis
416 5371 495 5421 perenn
509 5354 638 5409 librorum
651 5357 839 5412 eraclianam
858 5370 953 5415 crantor·
972 5384 1023 5415 eron
1040 5374 1109 5417 recle
1122 5366 1253 5419 iudicarit
1269 5369 1304 5419 de
1321 5369 1354 5419 iia
1370 5368 1782 5438 alumnumalumnum
1799 5366 1873 5421 ull!

277 5451 498 5503 medicarentur.
522 5452 630 5521 Hcscle,
646 5454 926 5525 (bracilrcrrpcacbiclie
935 5461 991 5514 111.
1002 5481 1031 5531 p.
1043 5462 1100 5516 705
1116 5463 1296 5533 (adalrao).
1339 5466 1367 5535 7).
1391 5466 1495 5537 αιῃῖῖὺ
1506 5466 1695 5519 demoratos&
1706 5466 1872 5519 annom

277 5548 346 5599 rinae
355 5550 434 5601 ηιίεεο
441 5549 467 5600 in
475 5560 603 5603 comeatu
610 5552 825 5623 Inpellrcirnenai5
831 5560 883 5624 cfr.
892 5578 954 5611 ιιιυι.
963 5560 1084 5613 [Aruina.
1094 5560 1159 5615 788.
1194 5560 1223 5631 8}
1237 5562 1297 5629 cfr.
1306 5564 1387 5633 capit.
1396 5564 1541 5619 ,troarnen
1549 5562 1602 5618 781
1614 5560 1743 5633 (infroO.
1751 5560 1838 5633 89)c.
1846 5560 1872 5617 9.
