4380 6248
826 372 1088 431 CAPITULARIA
1111 374 1169 429 814
1181 404 1215 415 ·-
1227 374 1293 430 827.
1864 375 1926 440 279

414 549 462 612 21.
504 545 553 612 De
579 548 769 632 disponsatis
796 549 911 634 puellis
938 556 969 613 et
995 550 1034 613 ab
1064 552 1135 613 aliis
1160 553 1256 633 raptis
1283 552 1326 614 ita
1352 553 1385 614 irr
1413 552 1545 614 concilio
1575 553 1759 631 Ancprano,
1786 555 1924 637 capitulo

312 649 449 730 decimo,
476 650 605 735 legitur:
636 648 860 734 ‘Dispensatas
880 652 1001 735 puellas
1028 660 1059 716 et
1087 659 1158 736 post
1183 652 1221 715 ab
1245 653 1315 716 aliis
1343 661 1447 737 raptas
1468 655 1585 737 placrrit
1616 655 1684 717 erui
1712 664 1743 718 et
1770 657 1816 718 eis
1836 657 1924 720 reddi

314 752 433 835 quibus
453 758 527 816 ante
547 752 673 816 fuerant
693 752 906 837 dispensatae,
927 755 1049 818 etiamsi
1070 756 1098 818 ei
1120 775 1139 817 a
1161 755 1338 838 raptoribus
1360 757 1409 819 ris
1430 756 1527 819 inlata
1547 758 1745 822 constiterit’
1787 757 1924 823 Proinde

313 858 468 918 statutum
488 861 536 918 est
557 874 576 917 a
597 874 685 918 sacro
707 861 881 936 conventu,
909 861 945 919 ut
964 863 1070 939 raptor
1089 856 1217 939 publica
1237 859 1429 941 poenitentia
1455 859 1620 935 multetur,
1648 869 1753 943 raptae
1776 882 1866 936 voro,
1895 863 1922 925 si

286 968 449 1040 tsponsus
470 958 608 1040 recipere
628 957 766 1021 noluerit
788 964 819 1021 et
845 959 915 1041 ipsa
934 958 1035 1022 eidem
1059 959 1183 1021 crimini
1209 961 1410 1023 consentiens
1437 961 1599 1041 nonfuit,
1626 962 1751 1026 licentia
1778 963 1918 1028 nubendi

311 1059 366 1122 alii
386 1079 452 1123 non
472 1066 622 1143 negetur3
652 1060 736 1143 quod
760 1061 787 1123 si
808 1066 839 1124 et
859 1062 927 1145 ipsa
948 1063 1120 1138 consensit,
1147 1061 1242 1124 simili
1272 1064 1444 1126 sententiae
1465 1062 1632 1126 subiaceat
1683 1061 1773 1138 Quod
1795 1066 1821 1129 si
1850 1075 1922 1149 post

310 1161 388 1226 haec
407 1180 442 1225 se
462 1163 593 1244 iungere
613 1164 895 1246 praesumpserint,
913 1168 1046 1246 uterque
1067 1163 1356 1227 anathematizetur.

411 1264 458 1330 25.
500 1263 548 1329 De
568 1265 617 1328 his
638 1283 713 1328 vero
735 1266 790 1348 qni
812 1266 909 1329 sacris
930 1263 1108 1348 virginibus
1136 1284 1169 1328 se
1191 1267 1312 1328 sociant
1332 1267 1374 1328 ita
1397 1267 1430 1328 irr
1452 1265 1585 1330 decretis
1610 1287 1708 1350 papae
1734 1267 1849 1332 Gelasii
1870 1290 1922 1332 ca·

310 1366 411 1450 pitulo
431 1367 585 1450 vigesimo
611 1368 805 1431 continetur:
834 1367 1040 1452 ‘Vaiyim‘due
1065 1368 1169 1430 acerra
1194 1380 1304 1431 terame
1323 1392 1357 1431 ae
1382 1367 1535 1452 quosdam
1563 1370 1685 1432 aocrbre
1712 1373 1921 1455 coprmurirrus,

273 1480 341 1531 raet
360 1480 439 1553 poet
463 1467 604 1533 drauum
632 1469 698 1534 Deo
725 1470 922 1554 propositum
951 1470 1070 1532 iaceam
1093 1469 1225 1550 foedera
1250 1469 1466 1555 aurar'lcpaque
1492 1471 1642 1550 rrrabcere5
1672 1495 1750 1555 quoa
1771 1475 1921 1556 protritus

308 1593 442 1655 aequam
463 1582 511 1634 eat
529 1594 550 1632 a
570 1594 664 1634 soma
685 1572 898 1634 commentaire
920 1569 1051 1634 detrudi
1075 1584 1119 1651 et,
1150 1573 1220 1635 arai
1236 1571 1400 1655 publicam
1426 1573 1653 1656 probatamque
1673 1575 1791 1657 eperairt
1806 1576 1916 1658 poeni·

309 1672 453 1752 tamum,
479 1673 604 1735 manaim
632 1695 695 1735 aon
715 1674 833 1756 rec-apr}
859 1685 916 1736 aut
941 1673 992 1736 ia
1012 1685 1092 1737 certe
1117 1674 1267 1737 vomebam
1296 1673 1334 1737 de
1361 1673 1465 1736 occulo
1491 1676 1740 1755 commatibus,
1766 1677 1801 1739 ai
1817 1689 1920 1740 tornea

302 1774 536 1857 pomimerriat,
566 1796 629 1836 uon
659 1775 806 1860 πορείαν]
852 1774 886 1839 Si
914 1795 988 1839 vero
1017 1776 1055 1839 de
1087 1776 1286 1859 copulatione
1321 1796 1481 1839 sacrarum
1516 1778 1677 1859 virginum
1713 1789 1778 1841 tarrr
1811 1798 1920 1843 serere

307 1874 483 1954 feriuntur,
507 1881 627 1959 quanto
648 1878 790 1940 severius
810 1876 941 1941 feriendi
963 1882 1039 1940 srrnt
1060 1879 1115 1961 qui
1137 1896 1190 1941 eas
1212 1878 1353 1960 rapiunt!
1397 1877 1472 1941 Ideo
1493 1879 1575 1940 sicut
1594 1880 1805 1960 praemissum
1826 1881 1920 1954 est,²⁰

273 1997 297 2038 u
309 1995 437 2041 necessa
457 1983 551 2041 estut
570 1977 610 2041 ab
635 1977 829 2042 omnibusiu
850 1979 1021 2042 christiana
1036 1980 1187 2063 religione
1204 1978 1450 2043 consistentibus
1466 1981 1568 2063 rigare
1582 1982 1777 2045 auctoritatis
1792 1982 1919 2046 divinae

308 2079 358 2143 vel
378 2079 537 2144 humanae
559 2081 618 2144 hoc
639 2080 760 2144 malurn
781 2081 932 2144 radicitus
955 2089 1143 2165 amputetur.

407 2183 455 2247 aa
496 2181 544 2248 Ne
565 2201 640 2246 vero
661 2183 783 2267 puellae
803 2184 971 2248 indiscrete
994 2185 1150 2266 velentur,
1178 2186 1296 2270 placuit
1320 2185 1410 2248 nobis
1433 2186 1526 2248 otiam
1549 2185 1588 2248 de
1614 2186 1712 2247 sacris
1733 2187 1918 2264 canonibus,

305 2283 443 2367 qualiter
462 2283 696 2348 observandum
718 2287 773 2366 sit,
802 2287 854 2349 hic
875 2288 1020 2351 inserere.
1063 2286 1110 2351 De
1132 2294 1270 2370 tempore
1295 2285 1501 2349 velandarum
1523 2285 1699 2369 puellarum
1723 2288 1755 2349 in
1776 2285 1919 2371 Cartagi-

304 2387 397 2449 nensi
418 2386 551 2449 concilio
572 2388 708 2471 capitulo
730 2388 961 2454 decimosexto
983 2392 1172 2469 continetur,
1195 2396 1314 2453 utnon
1336 2395 1408 2451 ante
1419 2389 1530 2471 viginti
1553 2389 1697 2470 quinquo
1722 2408 1822 2452 annos
1843 2409 1918 2453 corr·

270 2504 294 2547 u
305 2492 476 2552 sacrentur.
516 2487 596 2552 ltem
609 2489 642 2551 irr
656 2490 766 2554 eodem
776 2492 805 2536 2¹
825 2492 958 2555 concilio
974 2491 1111 2576 capitulo
1124 2490 1238 2555 xonl.
1261 2491 1300 2554 de
1316 2490 1493 2573 virginibus
1515 2488 1655 2552 velandis
1667 2491 1708 2552 ita
1719 2492 1915 2554 eontinetrrre

303 2588 400 2654 ‘Item
422 2589 556 2673 placuit,
583 2599 618 2654 ut
640 2593 835 2676 quicumque
860 2596 1078 2678 episcoporum
1109 2594 1294 2657 necessitate
1319 2592 1524 2674 periclitantis
1551 2591 1721 2674 pudicitiae
1746 2593 1917 2675 virginalis,

302 2709 376 2756 cnm
399 2691 450 2755 vel
469 2693 582 2775 petitor
604 2701 715 2778 potens
736 2695 786 2759 vel
807 2703 912 2780 raptor
932 2697 1048 2780 aliquis
1067 2695 1270 2774 formidatur,
1297 2694 1346 2757 vel
1369 2695 1394 2757 si
1417 2694 1510 2757 etiam
1532 2692 1639 2776 aliquo
1662 2695 1772 2757 mortis
1793 2696 1916 2777 pericu·

302 2794 370 2858 loso
390 2795 539 2878 scrupulo
559 2804 749 2879 compuncta
772 2799 868 2861 fuerit
890 2817 929 2862 ne
951 2818 1014 2862 non
1037 2799 1137 2862 velata
1158 2799 1324 2876 moriatur,
1349 2805 1405 2858 aut
1425 2793 1627 2877 exigentibus
1649 2796 1836 2879 parantibus
1861 2804 1916 2859 arrt

302 2896 352 2959 his
373 2895 412 2960 ad
435 2916 572 2980 quorum
591 2918 701 2962 curam
714 2901 849 2983 pertinet
868 2900 1021 2964 velaverit
1040 2901 1210 2984 virginem,
1232 2918 1288 2963 serr
1303 2899 1501 2962 r'elavitante
1514 2897 1625 2980 viginti
1648 2899 1792 2980 quinque
1812 2918 1912 2961 anuos

254 2998 430 3071 senentis,
460 3017 525 3062 uon
546 3000 575 3062 ei
595 2998 678 3063 obsit
700 3001 870 3065 concilium
897 3002 981 3086 quod
1004 3002 1042 3067 de
1061 3005 1120 3067 isto
1141 3021 1298 3065 annorum
1321 3018 1454 3064 numero
1474 2999 1683 3062 constitutum
1705 2998 1771 3062 est)
1823 2998 1914 3063 Unde

300 3100 475 3181 colligitur,
501 3103 577 3185 quia
605 3103 697 3165 iuxta
716 3105 852 3187 priorem
880 3108 1074 3169 secretionem
1100 3107 1240 3187 virgines
1267 3104 1419 3187 vigesimo
1449 3103 1561 3186 quinto
1591 3103 1701 3164 aetatis
1727 3120 1803 3165 suae
1830 3122 1914 3164 anuo

300 3203 361 3266 rite
382 3204 614 3268 consecrandae
634 3206 712 3281 sint;
736 3203 820 3286 quod
842 3205 868 3266 si
890 3205 1079 3287 praemissae
1093 3204 1293 3266 necessitates
1314 3209 1387 3265 ante
1410 3202 1440 3264 id
1461 3201 1529 3265 fieri
1552 3202 1765 3287 conpulerint,
1787 3203 1913 3266 rrrrllum

300 3307 400 3390 possit
421 3308 565 3391 episeopo
587 3307 707 3372 adferre
727 3305 955 3390 praeiudicium
980 3307 1184 3369 consecranti.
1322 3374 1330 3393 ι

403 3407 450 3472 27.
492 3407 673 3473 Sanccitum
685 3416 746 3488 est,
763 3415 797 3471 ut
817 3408 925 3471 nullus
935 3408 1081 3490 deinceps
1095 3407 1271 3491 quamlibet
1282 3407 1549 3470 examinationem
1561 3408 1703 3469 crucis²²
1713 3406 1815 3470 facere
1826 3426 1915 3490 prae-

252 3516 422 3587 sominae
443 3528 484 3573 ne
505 3528 587 3594 quae
599 3508 714 3574 Christi
732 3512 879 3594 passione
899 3510 1071 3593 glorificata
1089 3517 1149 3587 est,
1171 3507 1341 3572 cuiuslibet
1354 3509 1528 3571 temeritate
1549 3508 1743 3592 contemptui
1754 3507 1913 3571 habeatur.

402 3611 449 3677 28
490 3609 662 3695 Episcopos
686 3631 758 3675 vero
779 3647 818 3657 —
839 3619 876 3675 ut
896 3613 964 3675 sive
984 3631 1039 3695 per
1059 3630 1094 3675 se
1123 3613 1190 3675 sire
1215 3611 1423 3695 persicarios
1446 3608 1598 3693 pabulum
1628 3609 1715 3672 verbi
1743 3609 1843 3672 divini
1865 3630 1912 3672 se-

300 3712 377 3777 dulo
399 3713 524 3797 populis
541 3714 747 3794 annuntient,
768 3715 870 3797 (quia,
892 3720 927 3777 ut
947 3715 991 3776 ait
1012 3714 1122 3777 beatus
1140 3713 1310 3797 Gregorius
1319 3712 1356 3788 ²³,
1378 3713 1456 3774 iram
1478 3719 1586 3774 contra
1606 3730 1640 3774 se
1660 3711 1775 3774 occrrlti
1797 3711 1912 3775 iudicis

299 3816 417 3880 excitat.
437 3815 598 3895 sacerdos,
620 3816 646 3879 si
669 3816 738 3880 sine
760 3816 1001 3899 praedicationis
1023 3817 1129 3879 sonitu
1152 3812 1296 3891 incedit);
1319 3819 1350 3877 et
1370 3821 1405 3877 ut
1426 3812 1546 3876 clerum
1568 3811 1628 3875 sibi
1649 3813 1854 3877 commissum
1878 3815 1909 3877 irr

300 3917 468 3982 sobrietate
488 3922 519 3982 et
538 3919 680 3981 castitate
701 3920 857 3982 nutrirent
887 3917 1069 4001 divinisque
1096 3916 1208 3980 officiis
1238 3915 1429 3992 imbuerent,
1458 3915 1513 3997 qui
1542 3915 1600 3977 rite
1628 3915 1667 3977 ad
1695 3924 1911 3980 saemsanctus

252 4020 528 4085 aecclesiasticos
550 4020 677 4084 ordines
704 4023 880 4104 promoveri
908 4023 1049 4104 possint,
1075 4028 1106 4083 et
1131 4027 1165 4083 ut
1191 4038 1316 4102 operam
1348 4017 1437 4097 dent,
1464 4024 1623 4099 quatenus
1641 4016 1814 4101 presbyteri
1838 4019 1912 4081 nris·

300 4122 398 4187 salem
419 4128 451 4187 et
470 4123 687 4186 lectionarium
720 4123 787 4186 sivo
811 4129 930 4187 eeteros
959 4123 1080 4187 libellos
1107 4120 1166 4186 sibi
1199 4121 1389 4184 necessarios
1418 4117 1498 4182 bene
1524 4126 1679 4182 correctos
1702 4118 1851 4195 lrabeant3
1880 4125 1911 4182 ct

299 4224 436 4310 qualiter
456 4226 604 4289 ecclesias
622 4225 797 4289 destructas
822 4225 881 4289 sibi
902 4227 1095 4308 pertinentes
1122 4226 1211 4287 iuxta
1232 4225 1316 4286 vires
1329 4222 1511 4298 enrendent3
1536 4220 1670 4303 qualiter
1690 4222 1785 4284 etiam
1798 4221 1910 4284 viduas

299 4327 467 4413 diligenter
499 4329 675 4404 instruant,
711 4328 868 4411 qrronrodo
902 4329 997 4390 etiam
1027 4326 1205 4391 secundum
1239 4323 1442 4408 apostolicam
1478 4323 1696 4386 auctoritatem
1729 4324 1908 4386 conversari

300 4427 451 4510 debeant,
477 4428 644 4507 edoceant3
674 4436 706 4494 et
733 4436 769 4493 ut
790 4430 1028 4512 superstitiones
1057 4448 1137 4511 quas
1158 4425 1350 4511 quibusdam
1377 4428 1453 4489 locis
1483 4426 1514 4487 in
1539 4424 1685 4506 exequiis
1711 4431 1909 4487 mortuorum

252 4531 447 4594 cononnulli
471 4531 591 4594 faciunt
620 4531 793 4606 eradicent3
830 4533 860 4592 et
889 4533 925 4591 ut
952 4527 1097 4609 exemplo
1128 4544 1205 4588 suae
1232 4526 1431 4590 innocentiae
1457 4526 1535 4589 alios
1562 4525 1600 4588 ad
1631 4525 1710 4589 bene
1737 4526 1908 4589 vivendum

299 4638 483 4717 provocent,
512 4638 543 4696 et
563 4634 687 4696 cunctis
707 4630 927 4695 ecclesiasticis
954 4630 1105 4712 negotiis,
1135 4634 1290 4712 quantum
1312 4626 1471 4691 Dominus
1493 4628 1661 4707 iuraverit,
1685 4629 1757 4690 totis
1787 4628 1909 4691 viribus

299 4733 465 4799 conmrlere
486 4740 630 4818 satagant
650 4769 686 4779 —
709 4734 875 4817 diligenter
895 4731 1129 4795 admonuimus.
1170 4730 1211 4793 Iit
1239 4737 1275 4793 rrt
1301 4730 1333 4793 id
1353 4730 1484 4794 liberius
1511 4731 1642 4812 exsequi
1671 4730 1813 4810 valeant,
1843 4750 1909 4810 nos,

298 4837 332 4899 in
355 4842 513 4920 quantum
533 4835 692 4900 Dominus
712 4854 804 4919 posse
824 4835 958 4913 dederit,
979 4852 1070 4917 opem
1092 4833 1172 4896 ferre
1193 4832 1295 4895 modis
1316 4831 1465 4895 omnibus
1486 4838 1639 4915 optamus

399 4938 446 5003 29.
486 4937 649 5002 Nonnulla
671 4956 745 5001 vera
767 4934 919 5019 capitula,
940 4935 1023 4998 sicut
1043 4935 1082 4997 de
1104 4934 1232 4996 incestis
1253 4933 1387 5015 nuptiis,
1410 4951 1532 4997 necnon
1554 4942 1585 4996 et
1606 4933 1644 4996 de
1666 4934 1806 4997 ecclesiis
1824 4953 1907 5016 quae

259 5040 383 5104 ainter
407 5040 574 5104 coheredes
596 5040 782 5104 dividuntur
803 5046 833 5101 et
855 5038 908 5101 tali
935 5038 1098 5100 occasione
1119 5035 1243 5119 proprio
1263 5034 1382 5098 honore
1408 5043 1515 5097 carent
1523 5035 1562 5113 ²⁴,
1587 5036 1655 5098 sire
1680 5034 1719 5099 de
1738 5035 1788 5098 his
1810 5036 1908 5099 eccle-

299 5143 356 5205 siis
377 5160 460 5225 qnae
480 5143 616 5205 nimium
639 5141 735 5205 rebus
763 5142 898 5225 propriis
924 5147 999 5202 sunt
1025 5139 1227 5212 adtenuatae,
1253 5136 1304 5199 rel
1330 5143 1414 5200 certe
1439 5136 1478 5200 de
1506 5136 1555 5200 his
1581 5135 1676 5200 rebus
1701 5156 1783 5220 quae
1808 5157 1911 5222 nuper

298 5244 485 5307 necessitate
505 5243 711 5327 compellente
738 5264 757 5305 a
785 5241 948 5305 nonnullis
975 5239 1116 5303 ecclesiis
1141 5245 1217 5302 sunt
1243 5237 1376 5317 ablatae,
1403 5238 1484 5302 etsi
1514 5259 1577 5321 qua
1605 5245 1680 5302 sunt
1707 5239 1769 5302 alia
1789 5240 1908 5303 sivein

299 5344 520 5410 ecclesiasticis
552 5346 676 5409 sivein
704 5345 840 5428 publicis
867 5342 963 5406 rebus
988 5343 1207 5407 emendatione
1233 5341 1343 5425 digua,
1376 5359 1458 5423 quae
1492 5360 1548 5424 pru
1582 5342 1731 5425 temporis
1758 5340 1911 5406 brevitate

400 5562 452 5631 20)
474 5564 624 5639 Cepitow.
666 5564 716 5635 21)
727 5563 965 5633 Coudl.1lsi·r'c.c.
976 5563 1021 5619 93.
1065 5563 1272 5633 inardesce
1283 5561 1745 5633 Cuppr.lepr'd.add.,c.10iuaotriu
1788 5563 1909 5635 23)Ιλῦ.

296 5644 550 5719 bfflflffl'd.
559 5644 605 5701 24.
666 5644 717 5713 24)
737 5644 797 5712 Cfr.
809 5647 896 5715 Uapqr.
911 5644 1013 5698 Wornn.
1023 5643 1089 5698 829.

1651 5737 1707 5794 36*
