4380 6248
265 375 328 439 444
830 376 1002 432 ANSEGISI
1024 376 1319 435 CAPITULARIL'M

268 560 428 638 quatenus
448 555 532 618 iuste
550 553 736 637 reprehendi
763 572 966 636 aquoquam
991 551 1175 616 nullatenus
1199 553 1330 636 possint,
1373 552 1413 616 Et
1442 553 1652 636 9999199919
1684 553 1800 618 debent
1825 560 1880 616 991

269 661 418 740 possunt,
439 655 621 719 nullatenus
641 655 907 739 praetermittant,
934 656 1032 718 immo
1051 659 1198 733 caveant,
1224 673 1281 735 99,
1308 655 1393 739 quod
1415 654 1509 734 absit,
1534 662 1590 719 aut
1610 656 1712 738 gratia
1733 655 1880 731 alicuius,

268 764 325 822 aut
345 759 474 822 honoris
493 762 550 821 aut
570 758 692 821 timoris
708 758 775 821 sive
790 756 854 819 odii
866 775 964 820 causa
977 756 1057 820 illud
1073 757 1158 840 quod
1181 775 1273 840 agere
1285 756 1401 820 debent
1423 759 1575 820 omittant
1615 756 1658 821 Et
1680 776 1880 841 summopere

267 861 431 940 studeant,
458 865 494 923 ut
514 860 574 924 hoc
595 860 679 943 quod
700 878 757 943 per
776 877 811 923 se
830 857 953 922 efficere
973 877 1038 921 non
1058 864 1194 942 possunt
1220 858 1313 923 nobis
1341 864 1453 922 notum
1474 858 1603 936 faciant3
1632 864 1664 923 et
1688 858 1880 922 omnimodis

271 961 489 1045 praevideant,
510 967 546 1025 ut
567 980 624 1045 per
644 961 770 1045 singula
790 960 1013 1044 capitulatam
1034 959 1139 1024 verbis
1150 980 1311 1044 quamque
1336 962 1460 1044 scriptis
1481 961 1521 1054 d?
1541 959 1693 1025 omnibus
1715 979 1797 1044 quae
1818 959 1880 1023 illic
1905 983 1917 1023 a

268 1065 446 1148 peregerint
466 1062 558 1127 nobis
577 1064 730 1127 rationem
752 1063 881 1127 reddere
901 1062 1033 1126 valeant
1455 1114 1458 1119 .

369 1167 417 1231 51.
458 1164 508 1228 119
520 1163 653 1245 placitis
679 1183 701 1225 9
721 1163 826 1228 liberis
844 1162 1021 1226 bominibus
1040 1162 1249 1227 observandis.
1297 1163 1345 1229 119
1364 1165 1487 1248 placitis
1507 1164 1664 1248 siquidem
1689 1182 1770 1247 quos
1792 1162 1880 1227 liberi

269 1269 414 1332 homines
435 1268 602 1331 observare
622 1266 737 1331 debent
757 1267 939 1330 constitutio
954 1267 1105 1350 genitoris
1120 1267 1220 1329 nostri
1240 1268 1388 1349 poenitus
1408 1266 1606 1331 observanda
1627 1276 1723 1349 atque
1745 1265 1881 1330 tenenda

268 1376 332 1450 ast,
360 1377 395 1433 ut
420 1370 565 1433 videlicet
592 1370 624 1432 19
653 1389 737 1432 9999
763 1370 824 1432 tria
851 1367 1050 1432 solummodo
1083 1368 1241 1451 generalia
1268 1368 1382 1451 placita
1416 1367 1601 1448 observent,
1631 1373 1663 1430 91
1690 1367 1801 1431 nullus
1828 1386 1881 1431 eos

270 1472 409 1555 amplius
429 1471 543 1555 placita
568 1470 736 1535 observare
758 1470 929 1554 conpellat,
957 1471 1020 1533 nisi
1047 1469 1126 1534 forte
1153 1469 1285 1552 quilibet
1312 1477 1368 1534 aut
1393 1476 1561 1534 accusatus
1588 1469 1918 1534 1991119919119199

269 1574 465 1637 accrrsaverit
490 1579 546 1637 aut
572 1573 612 1636 ad
637 1573 852 1636 testimonium
878 1571 1110 1655 perhibendum
1138 1579 1270 1636 vocatus
1297 1573 1399 1636 fuerit
1453 1572 1504 1635 Ad
1530 1577 1652 1635 caetera
1680 1590 1769 1645 vem,
1800 1589 1882 1654 quae

269 1676 442 1739 centenarii
464 1680 586 1753 tenent,
616 1694 680 1738 non
711 1674 792 1738 alius
813 1675 923 1738 venire
943 1673 1105 1754 iubeatur,
1126 1675 1188 1738 9191
1215 1674 1271 1758 991
1297 1680 1353 1738 991
1378 1674 1479 1757 litigat
1499 1673 1695 1737 autiudicat
1719 1678 1776 1736 aut
1796 1674 1883 1736 19911-

269 1777 390 1840 ficetur.

369 1880 418 1945 aa
458 1878 508 1941 119
526 1877 624 1941 debito
643 1877 687 1940 ad
706 1897 786 1958 opns
807 1876 998 1941 dominicum
1016 1877 1195 1940 rewadiato.
1239 1877 1282 1942 Ut
1295 1877 1449 1942 dedcbito
1469 1878 1554 1961 quod
1574 1877 1614 1940 ad
1636 1897 1716 1960 opus
1738 1888 1882 1940 nostrum

269 1982 365 2046 fuerit
384 1980 590 2045 rewadiatum
611 1981 684 2044 talis
704 1980 912 2044 consideratio
934 1978 1001 2059 fiat,
1023 1985 1059 2044 ut
1079 1981 1108 2043 is
1129 1981 1185 2063 qui
1204 1981 1387 2063 ignoranter
1402 1982 1542 2063 peccavit
1561 2000 1626 2044 non
1645 1986 1749 2043 tetum
1771 1998 1919 2043 secun-1⁵

269 2085 348 2148 dum
369 2085 472 2168 legem
493 2101 670 2166 conponere
689 2088 835 2166 cogatur,
863 2082 918 2146 sed
936 2083 1028 2145 iuxta
1048 2081 1134 2165 quod
1155 2081 1306 2165 possibile
1327 2083 1433 2145 visum
1453 2082 1562 2162 inerit3
1592 2084 1620 2146 is
1640 2102 1715 2146 vero
1738 2083 1795 2165 qui
1816 2089 1884 2145 tan·

269 2192 340 2250 tum
361 2185 444 2249 mala
465 2185 628 2248 voluntate
648 2186 789 2268 peccavit
809 2190 907 2248 totam
930 2185 1009 2267 legis
1029 2185 1280 2268 conpositionem
1300 2190 1431 2267 cogatur
1451 2183 1623 2247 exsolvere.

371 2288 419 2353 51.
461 2284 655 2367 1191919991
677 2286 721 2349 ad
745 2284 903 2367 9191911999
928 2284 975 2348 991
992 2286 1028 2349 in
1048 2285 1162 2349 hostem
1180 2288 1322 2366 pergunt
1346 2284 1393 2347 991
1420 2284 1494 2348 inde
1512 2285 1652 2348 rederent.
1702 2285 1745 2350 Ut
1773 2285 1884 2350 nullus

271 2391 310 2454 ad
331 2389 483 2474 palatium
506 2389 555 2453 vel
575 2391 610 2452 in
631 2390 752 2454 hostem
778 2408 912 2473 pergens
937 2389 987 2453 vel
1014 2388 1053 2452 dc
1075 2389 1190 2471 palatio
1219 2388 1268 2452 vel
1296 2388 1335 2452 de
1361 2388 1450 2451 hoste
1474 2389 1599 2451 rediens
1620 2387 1776 2451 tn'bntum
1799 2387 1883 2471 quod

268 2498 442 2558 trastruas⁸
463 2498 578 2556 vocant
598 2492 719 2556 solvere
740 2497 878 2576 cogatur.
1896 2514 1921 2551 9

368 2597 416 2661 58.
458 2594 506 2657 119
520 2592 672 2674 malibus
690 2592 833 2672 publicis.
875 2593 919 2657 Ut
940 2599 1051 2677 pontes
1072 2592 1208 2676 publici,
1230 2595 1285 2677 qui
1307 2612 1362 2678 per
1373 2593 1515 2657 bannum
1532 2592 1601 2656 fieri
1622 2591 1778 2668 solebant,
1800 2612 1884 2655 anno

271 2704 434 2781 praesente
455 2698 489 2760 in
510 2697 598 2759 omni
618 2697 686 2760 loco
707 2701 932 2760 restaurentur.

370 2800 418 2864 59.
459 2795 510 2861 119
530 2796 662 2873 clericis,
696 2797 856 2860 monacbis
876 2796 1021 2860 eisarna
1039 2797 1193 2879 fugitivis.
1238 2798 1281 2863 Ut
1302 2798 1407 2862 clerici
1427 2803 1458 2862 et
1478 2796 1624 2861 monachi
1647 2804 1678 2861 et
1697 2798 1783 2860 servi
1803 2796 1885 2880 fugi·

271 2903 328 2966 tivi
348 2902 387 2964 ad
409 2901 476 2964 loca
497 2921 556 2964 sna
577 2900 679 2964 redire
702 2899 881 2963 iubeantur.

372 3006 419 3068 60.
461 2998 512 3064 119
536 3001 695 3064 aduocatis
727 3001 953 3081 cpiscoporum,
989 3001 1150 3078 95191919,
1180 3002 1323 3064 connitum
1349 3005 1378 3064 91
1406 3000 1645 3064 abbatissarum.
1700 2999 1742 3063 Ut
1776 3000 1922 3063 9911999

271 3107 439 3190 episcopus
459 3123 519 3167 noc
539 3103 636 3168 abbas
659 3123 719 3167 nec
739 3123 845 3168 comes
865 3124 923 3168 nec
944 3104 1103 3168 abbatissa
1123 3105 1342 3169 centenarium
1363 3105 1487 3167 comitis
1508 3103 1696 3166 advocatum
1718 3101 1839 3165 habeat.

372 3209 418 3273 61.
461 3203 512 3269 119
539 3205 668 3268 vicariis
693 3203 740 3267 991
765 3205 969 3282 9991999119,
994 3205 1024 3269 si
1051 3204 1186 3270 latrones
1211 3204 1386 3268 9919991191.
1439 3205 1481 3270 Ut
1509 3206 1618 3268 vicarii
1640 3204 1691 3267 vel
1713 3204 1885 3267 centenarii

271 3311 328 3393 991
355 3310 442 3373 iures
468 3315 499 3373 et
526 3309 663 3373 latrones
691 3309 741 3372 vel
773 3309 945 3373 celaverint
966 3309 1016 3372 vel
1044 3309 1240 3373 defenderint
1268 3309 1444 3372 secundum
1475 3307 1535 3371 sibi
1564 3307 1670 3371 datam
1695 3307 1885 3370 sententiani

272 3411 494 3476 diiudicentur.

372 3515 420 3577 62.
464 3510 514 3576 119
540 3512 701 3576 comitibus
733 3516 761 3575 91
789 3512 919 3575 vicariis
952 3512 1157 3575 adtnmcmdis
1182 3511 1221 3575 de
1246 3512 1462 3576 constitutione
1492 3511 1576 3592 19919.
1624 3512 1667 3576 Ut
1699 3515 1833 3578 comites
1857 3520 1921 3577 919

272 3614 383 3680 vicarii
408 3615 446 3679 de
465 3616 691 3679 constitutione
711 3616 790 3698 legis
812 3622 1068 3693 ammoneantur,
1098 3635 1162 3698 qua
1183 3613 1312 3678 iubetur
1332 3622 1369 3677 ut
1388 3621 1513 3698 propter
1532 3616 1686 3679 iustitiam
1706 3626 1887 3697 perverten-

275 3719 349 3782 dam
370 3736 504 3781 munera
526 3737 590 3780 999
613 3718 775 3800 accipiant.

374 3821 420 3885 63.
462 3819 511 3882 119
521 3818 688 3897 1919911199
698 3817 870 3881 dominicis.
912 3818 1159 3883 Dcforestibusb
1182 3820 1310 3898 nostris,
1333 3827 1380 3900 91,
1403 3819 1597 3902 ubicumque
1606 3819 1734 3895 fuerint,
1756 3820 1886 3904 diligen-

275 3923 398 3986 tissime
419 3922 598 4005 inquirant,
620 3921 779 4005 quomodo
801 3921 906 3984 salvae
928 3921 992 3984 sint
1002 3926 1032 3984 et
1045 3921 1206 4000 defensae,
1226 3926 1257 3984 et
1269 3927 1305 3985 ut
1314 3920 1484 3985 comitibus
1505 3922 1708 4001 denuntient,
1730 3942 1772 3986 ne
1790 3922 1885 3985 ullam

273 4025 423 4088 forestem
451 4025 575 4087 noviter
602 4025 783 4098 instituant3
815 4028 846 4086 91
872 4021 926 4085 ubi
953 4024 1077 4087 noviter
1102 4023 1263 4086 institutas
1293 4024 1362 4087 sine
1395 4032 1502 4087 nostra
1528 4024 1670 4088 iussione
1696 4024 1917 4095 invenenatis

273 4126 430 4189 dimittere
451 4126 651 4209 praecipiant.

376 4228 423 4292 64.
464 4223 515 4289 119
534 4225 639 4288 missis
658 4224 823 4289 dominicis
844 4229 873 4288 91
893 4225 932 4288 de
951 4225 1002 4288 bis
1028 4225 1085 4306 qni
1105 4225 1262 4289 iustitiam
1286 4228 1390 4306 tacere
1413 4230 1585 4289 rennuunt.
1628 4227 1670 4291 Ut
1693 4227 1887 4310 ubicumque

277 4331 337 4413 ipsi
358 4330 447 4392 missi
470 4338 526 4392 aut
546 4329 730 4412 episcopum
751 4335 807 4392 991
827 4328 973 4392 abbatem
1003 4335 1059 4392 aut
1081 4328 1180 4392 alium
1208 4328 1381 4411 quemlibet
1401 4348 1605 4412 quocumque
1626 4330 1746 4393 bonore
1768 4330 1886 4413 praedi·

271 4437 342 4496 tum
373 4432 553 4495 invenerint
579 4432 633 4514 qui
660 4432 813 4494 iustitiam
840 4429 943 4494 facere
971 4431 1020 4494 vel
1048 4430 1151 4493 noluit
1179 4430 1228 4493 vel
1258 4431 1428 4514 prohibuit,
1456 4431 1496 4495 de
1524 4433 1624 4514 ipsius
1652 4432 1750 4496 rebus
1779 4434 1886 4495 vivant

271 4533 428 4617 quamdiu
449 4534 482 4595 19
504 4552 541 4596 99
562 4532 628 4597 loco
649 4533 786 4597 iustitias
807 4533 908 4596 iacere
929 4532 1050 4597 debent.
1896 4566 1920 4604 u

373 4635 421 4700 65.
462 4631 513 4697 119
530 4633 637 4696 missis
656 4634 836 4710 dmninicis,
865 4633 920 4698 nbi
942 4634 1066 4697 diutins
1090 4655 1154 4698 non
1174 4635 1305 4700 debeant
1323 4637 1485 4701 inmorari.
1527 4636 1624 4701 Utin
1655 4639 1742 4703 illius
1763 4641 1885 4704 comitis

275 4737 450 4802 ministerio
473 4737 528 4820 qui
550 4736 630 4801 bene
648 4738 784 4800 iustitias
805 4736 902 4801 factas
927 4736 1020 4801 habet
1046 4737 1129 4801 idem
1157 4740 1246 4802 missi
1269 4739 1389 4802 diutius
1411 4759 1475 4802 non
1498 4747 1663 4804 morentur
1684 4761 1790 4825 neque
1811 4742 1885 4806 illuc

274 4839 512 4903 multitudinem
535 4841 705 4903 convenire
725 4838 854 4918 faciant,
876 4839 930 4903 sed
952 4838 996 4902 ibi
1018 4859 1122 4904 moras
1143 4841 1272 4912 1991991,
1294 4842 1348 4904 ubi
1371 4842 1490 4905 iustitia
1510 4842 1559 4905 vel
1582 4843 1691 4905 minus
1710 4843 1761 4906 vel
1783 4844 1886 4928 negle-

274 4947 386 5021 genter
405 4941 486 5004 facta
508 4949 562 5004 est

374 5043 422 5107 66.
467 5039 641 5105 Demissis
661 5042 827 5106 dominicis
847 5046 876 5105 91
895 5042 1001 5106 comite
1021 5041 1057 5104 in
1078 5040 1209 5123 aliquod
1229 5043 1423 5106 missaticum
1444 5045 1568 5108 directo.
1612 5046 1654 5111 Ut
1674 5049 1707 5110 in
1730 5049 1920 5115 1111119999

272 5144 361 5206 mitis
384 5145 558 5208 ministerio
580 5146 662 5210 idem
687 5146 773 5209 missi
798 5147 897 5208 nostri
918 5145 1069 5229 placitum
1096 5164 1159 5208 non
1188 5152 1316 5209 teneant
1338 5149 1393 5230 qui
1415 5149 1448 5210 in
1473 5148 1600 5232 aliquod
1624 5150 1822 5215 missaticum
1842 5153 1884 5214 di·

275 5252 381 5309 rectus
403 5254 465 5323 est,
486 5246 584 5311 donec
606 5249 672 5332 ipse
694 5248 790 5312 iirerit
808 5267 963 5311 reversus.
1007 5245 1050 5311 Ut
1069 5267 1166 5311 causa
1189 5267 1271 5331 quae
1293 5249 1394 5312 adhuc
1416 5269 1520 5314 coram
1543 5254 1658 5316 comite
1676 5272 1741 5317 uon
1762 5253 1838 5331 1911,
1856 5262 1885 5317 91

382 5565 410 5633 a)
431 5571 591 5635 tmuaturaa,
606 5568 776 5638 transituras,
790 5574 925 5624 tracturus
935 5568 987 5622 9111
992 5588 1003 5637 ,·
1017 5564 1511 5641 919999911911911919199191991111.
1524 5575 1678 5631 99911191.
1761 5577 1791 5649 b)
1811 5586 1883 5635 rorat

270 5644 394 5715 91999999
409 5646 438 5699 19
449 5662 536 5715 marg.
552 5648 614 5701 cod.
627 5648 705 5702 Cori.
718 5649 806 5703 9911111.
