4380 6248
785 373 930 429 KAROLI
952 375 1077 431 MAGNI
1098 374 1367 434 carmennum

357 748 426 852 u.
457 746 756 857 unuonr
796 747 905 856 nn
946 671 1390 861 renuuntur
1429 751 1799 897 nnsnrnu

883 915 1264 1027 EPISTOLA.

969 1090 1184 1167 sor-811.

370 1266 511 1368 beqitor·
531 1285 565 1345 r'n
591 1283 697 1347 rodaco
720 1284 900 1347 llerruonnr‘
921 1285 1046 1347 abbatas
1066 1283 1252 1348 Altobeoarb
1276 1284 1311 1346 aba
1331 1285 1488 1349 tabulario
1507 1287 1591 1371 repr'o
1614 1285 1805 1349 Monacenar'
1819 1308 1883 1349 aer·-

270 1404 357 1472 ooto‚
383 1391 443 1453 ubr'
460 1391 493 1453 a'o
512 1389 636 1472 sblr'a’lb
660 1391 802 1474 enarrabo
826 1391 948 1474 scripto
974 1402 1022 1454 est
1046 1391 1122 1453 laceo
1148 1389 1283 1474 epistola
1303 1392 1478 1474 posterrbrr'
1498 1415 1596 1455 mono
1621 1390 1750 1456 saeculi
1770 1390 1890 1455 ἄρα’-νηί
1914 1415 1926 1455 a

270 1495 363 1558 tertr‘r'.
406 1492 514 1555 Ibr'rrro
537 1516 603 1554 com
626 1516 665 1554 aa
686 1493 755 1576 apso
777 1491 883 1555 rodae
903 1491 1004 1556 edo'cb't
1022 1492 1099 1572 Pez,
1121 1492 1291 1556 thesauros
1311 1491 1530 1557 anecdotorum
1549 1492 1619 1574 Vb,
1639 1516 1718 1579 pap.
1731 1494 1782 1572 73,
1796 1505 1885 1578 post

276 1620 359 1660 rcoro
379 1593 475 1677 aqut'd,
496 1593 633 1656 biblioth.
656 1617 760 1657 rerrcm
779 1617 918 1679 perman.
934 1594 954 1656 I
960 1593 993 1656 V.
1014 1617 1086 1679 pop.
1100 1596 1159 1660 387
1180 1595 1262 1658 irater
1284 1594 1453 1659 Oarolr‘naa
1472 1594 1632 1680 epistolas

370 1696 457 1759 Doto
484 1694 608 1759 videtur
634 1694 767 1779 episstola
795 1694 842 1758 od
866 1694 1046 1758 fibla-adram
1072 1695 1106 1759 S.
1136 1695 1287 1774 Qurbtr'm'
1306 1695 1621 1778 Veromonduensem,
1648 1708 1764 1782 postea
1790 1698 1886 1760 ctr'onr

272 1800 480 1863 Lanoiosom
511 1797 666 1876 radbriton,
699 1798 758 1880 qat'
788 1810 1045 1861 eornmemorotor
1078 1799 1171 1861 orbiu
1203 1799 1238 1860 aba
1270 1799 1440 1860 massonam
1470 1797 1697 1862 dorrrabtr'eomm
1733 1797 1890 1883 capenatis

269 1903 371 1984 (r’rrjro
388 1901 491 1980 oso.)
521 1898 699 1982 Ir'prlstolona
714 1911 793 1983 post
805 1923 924 1962 oneum
937 1903 998 1965 dn
1018 1923 1084 1962 ecce
1104 1899 1213 1961 (lotam
1234 1897 1399 1963 carordr'aoo
1415 1900 1546 1982 probat,·
1560 1898 1718 1985 placetum
1738 1899 1889 1985 gperrcrule.
1908 1922 1934 1961 ιο

272 2029 342 2066 coru
364 2000 527 2065 odb'olonr
543 2002 734 2064 ›Straonr'eoor
754 2002 814 2064 boo
834 2001 968 2086 epistole
987 2001 1161 2082 indicetur,
1182 2025 1222 2064 ear
1243 2001 1416 2064 orroolr'boa
1435 2000 1583 2086 collepere
1600 2000 1686 2082 lr’cet,
1706 2025 1777 2065 earu
1799 2003 1889 2065 antro

269 2128 370 2168 orarios
385 2104 446 2169 bot
466 2115 496 2165 ct
515 2107 569 2167 till
596 2126 663 2166 csse
683 2104 845 2187 scrr'ptaru.
887 2103 1075 2188 Plerumque
1094 2103 1227 2187 epa'stolo
1250 2103 1446 2166 adserebatur·
1465 2126 1548 2166 aratro
1560 2104 1630 2184 806,
1651 2126 1712 2186 quo
1725 2102 1888 2167 Karotam

270 2205 371 2282 filabo
401 2206 492 2267 abraae
519 2205 628 2288 partra'a
652 2205 687 2267 r'n
713 2204 902 2268 bbroborurn
930 2217 1044 2268 terrena
1072 2204 1212 2269 hostilem
1240 2205 1466 2289 apodationes
1491 2205 1607 2286 ferreae
1631 2216 1765 2268 eoraatat.
1824 2204 1893 2269 Sed

262 2330 326 2392 pro
347 2318 428 2370 certo
449 2305 525 2369 tulela
545 2304 694 2388 episstoloo
714 2307 799 2389 orrjqo
814 2307 918 2369 statui
932 2330 994 2369 nou
1009 2318 1122 2391 potest.
1395 2306 1448 2386 (B.
1470 2305 1572 2383 deam
1592 2304 1630 2368 P.
1648 2305 1677 2386 I,
1700 2308 1784 2385 145.)

368 2465 419 2573 Iu
445 2510 573 2572 nomine
594 2508 697 2572 Patris
721 2517 751 2572 ct
763 2509 834 2572 Filii
857 2517 888 2573 et
902 2509 1038 2593 Spiritus
1060 2511 1168 2573 saneti.
1216 2509 1348 2573 Carolus
1366 2508 1589 2573 serenissimus
1605 2516 1764 2592 augustus
1785 2530 1807 2573 a
1819 2508 1890 2575 Deo
1911 2536 1938 2579 n

267 2622 454 2688 coronatus,
477 2630 612 2693 maguus
633 2610 783 2694 pacificus
804 2612 988 2694 imperator,
1011 2613 1065 2693 qui
1088 2618 1119 2674 et
1141 2630 1195 2695 per
1213 2611 1462 2675 miscricordiam
1482 2608 1543 2673 Dei
1562 2629 1620 2674 ren
1635 2609 1836 2677 Francorum
1859 2622 1891 2679 et

271 2713 557 2798 longobardorum,
580 2713 713 2776 Fulrado
734 2713 847 2776 abbati.

371 2814 489 2877 Notum
511 2815 551 2877 sit
573 2814 643 2891 ribi,
665 2816 740 2896 quia
761 2815 909 2899 placitum
935 2823 1078 2878 nostrum
1099 2815 1246 2897 generale
1267 2834 1352 2877 anno
1369 2816 1507 2897 presenti
1526 2815 1709 2879 condictum
1729 2815 1892 2881 habemus

273 2919 356 2980 infru
377 2917 547 2979 Samnium
567 2917 598 2978 in
620 2917 764 2979 orientali
792 2926 896 3000 parte,
923 2936 1019 3000 super
1039 2916 1176 2980 fluvium
1196 2916 1295 2980 Bata·
1317 2918 1351 2978 in
1371 2915 1439 2980 loco
1461 2936 1524 3000 que
1545 2916 1661 2981 dicitur
1680 2916 1859 2983 Stamsfurt
1870 2920 1892 2981 ¹.

271 3018 469 3102 Quapropter
490 3018 679 3100 precipimus
701 3018 772 3099 tibi,
802 3026 838 3081 ut
858 3019 991 3102 pleniter
1010 3039 1084 3081 eum
1107 3018 1290 3083 homiuibus
1316 3020 1381 3082 tuis
1402 3018 1483 3083 bene
1503 3020 1632 3083 annatis
1652 3038 1690 3083 ac
1710 3022 1891 3104 preparatis
1908 3046 1936 3086 aa

273 3122 312 3185 ad
334 3122 507 3205 predictum
532 3120 636 3182 lorum
658 3122 765 3183 venire
786 3120 900 3185 debeas
921 3120 1015 3184 ΧΨ*
1036 3120 1104 3184 Kal.
1125 3120 1185 3184 Iul.
1209 3122 1293 3205 quod
1315 3129 1362 3186 est
1383 3130 1503 3206 septem
1524 3121 1636 3185 diebus
1657 3128 1731 3185 ante
1751 3124 1889 3187 missam

272 3225 372 3287 structi
395 3222 544 3286 Iohannis
565 3222 706 3305 baptiste.
749 3221 797 3286 Ita
818 3244 892 3286 vero
913 3231 1097 3307 preparatus
1126 3245 1199 3288 cum
1221 3224 1404 3289 hominibus
1432 3225 1496 3288 tuis
1517 3223 1557 3286 ad
1576 3223 1755 3307 predictum
1776 3224 1888 3289 locum

274 3326 393 3397 venies,
414 3334 449 3388 nt
469 3325 559 3400 inde,
581 3325 612 3387 in
636 3344 879 3408 quamcumque
893 3338 1013 3409 partem
1037 3334 1142 3390 nostra
1163 3327 1259 3390 luerit
1279 3328 1393 3403 iussio,
1415 3333 1447 3389 et
1468 3324 1678 3389 exercitaliter
1696 3326 1745 3390 ire
1764 3329 1888 3410 possis:

271 3427 302 3489 id
324 3437 371 3490 cst
392 3446 466 3489 cum
487 3428 584 3489 armis
605 3436 700 3509 atque
723 3427 912 3491 utensilibus
933 3448 1058 3492 necnon
1080 3436 1110 3492 et
1132 3436 1234 3492 cetero
1255 3431 1465 3491 instrumento
1487 3426 1611 3505 bellico,
1631 3427 1665 3489 in
1691 3426 1890 3493 victualibus

270 3536 302 3592 et
332 3529 537 3591 restiruentis.
585 3528 632 3591 lta
654 3536 688 3591 ut
712 3531 936 3612 uniusquisque
961 3530 1137 3594 cabalarins
1158 3529 1269 3593 habeat
1292 3539 1419 3593 scutum
1439 3535 1469 3593 et
1490 3529 1630 3592 lanceam
1651 3537 1683 3592 et
1703 3536 1829 3613 spatam
1855 3536 1889 3595 et
1906 3558 1934 3599 aa

269 3631 501 3713 semiquumr,
522 3649 631 3692 arcum
655 3637 687 3693 ct
707 3631 868 3714 plrarotrus
888 3652 963 3695 cum
985 3634 1122 3716 sagittis;
1144 3639 1175 3694 et
1195 3634 1227 3694 in
1241 3633 1339 3694 canis
1359 3631 1473 3694 restris
1485 3630 1635 3693 utensilia
1648 3630 1766 3695 diversi
1787 3642 1888 3710 gene·

268 3732 326 3807 ris,
349 3731 378 3793 id
396 3738 442 3795 cst
455 3730 589 3794 cuniudu
602 3739 633 3794 et
647 3731 814 3803 dolatoria.
835 3742 997 3813 terrenos,
1019 3736 1130 3813 assiae,
1151 3735 1297 3800 l'osorios.
1315 3731 1402 3816 palas
1422 3732 1538 3795 ferreas
1558 3740 1590 3795 et
1609 3738 1714 3797 cetera
1734 3734 1888 3799 utensilia

273 3854 336 3916 que
357 3834 389 3896 in
412 3832 533 3896 tursteni
554 3842 631 3896 sunt
651 3837 834 3898 necessaria.
878 3835 1031 3899 Utcnsilia
1050 3852 1126 3899 vero
1147 3835 1289 3898 cibomm
1308 3837 1340 3897 in
1360 3835 1458 3897 carris
1472 3834 1510 3897 de
1531 3833 1585 3897 illo
1604 3833 1720 3919 placito
1740 3836 1777 3898 in
1797 3832 1889 3900 futu·

271 3954 343 3998 ruur
369 3935 408 3998 ud
433 3948 760 4011 desudassemus
783 3946 813 4000 et
834 3938 1021 4000 vestimenta
1043 3937 1081 3999 ad
1104 3937 1271 3999 dimidium
1294 3936 1446 4000 annum2.
1488 3934 1530 3998 Et
1550 3935 1610 3999 hoc
1629 3936 1762 4000 omnino
1784 3938 1889 4022 preci-

268 4038 374 4121 pimus
409 4047 443 4099 ut
468 4036 634 4099 observare
662 4038 795 4117 iacietis,
831 4050 865 4101 ut
896 4058 970 4101 cum
1002 4038 1084 4101 bona
1119 4057 1194 4121 pace
1228 4040 1364 4121 pergatis
1393 4040 1431 4102 ad
1463 4039 1570 4101 locum
1597 4038 1795 4123 predictum,
1828 4058 1890 4125 per
1906 4074 1933 4111 ω

269 4139 524 4221 quamcumque<¹
546 4146 664 4221 partem
695 4138 783 4220 regni
811 4137 910 4199 ruistri
936 4137 1058 4199 itineris
1080 4137 1175 4198 uestri
1202 4137 1355 4199 rectitudo
1384 4157 1441 4201 ros
1467 4139 1656 4219 defecerit,
1685 4141 1745 4204 hoc
1772 4152 1823 4205 est
1849 4152 1888 4207 ut

273 4250 375 4323 pretor
396 4239 523 4303 borbum
545 4248 575 4303 et
597 4240 681 4321 ligna
700 4248 730 4302 ct
752 4258 867 4319 aquam
891 4237 985 4299 nichil
1010 4237 1049 4301 de
1069 4239 1181 4300 ceteris
1201 4236 1297 4301 rebus
1320 4248 1446 4321 tangere
1467 4242 1690 4323 presumatis³;
1717 4249 1749 4308 et
1769 4245 1888 4309 unius-

269 4344 428 4425 cuiusque
450 4342 542 4403 vestri
567 4341 709 4403 homines
731 4360 794 4402 unu
821 4359 896 4402 cum
921 4340 1019 4401 (urnis
1045 4350 1075 4402 et
1102 4338 1279 4402 caballariis
1305 4341 1372 4403 suis
1399 4340 1517 4404 vadant
1541 4349 1573 4406 et
1591 4362 1716 4427 semper
1734 4364 1812 4410 curn
1837 4348 1889 4411 eis

269 4446 310 4507 sit
333 4443 492 4526 usquead
515 4442 618 4506 lorum
643 4441 834 4525 predictum,
855 4441 990 4523 qualiter
1010 4440 1155 4504 absencia
1177 4441 1298 4504 doruini
1320 4441 1425 4507 locum
1446 4463 1511 4507 non
1533 4444 1585 4508 det
1606 4444 1793 4513 hominibus
1812 4450 1889 4515 eius

268 4547 349 4609 mala
370 4545 513 4609 iiuiendi.
1904 4584 1931 4625 μ

372 4646 462 4709 ltouu
490 4667 564 4710 runo
592 4653 645 4708 tua
674 4664 756 4726 quae
783 4644 822 4706 ad
848 4643 1000 4724 placitum
1030 4654 1173 4707 nostrum
1201 4645 1292 4709 nobis
1318 4659 1498 4729 presentare
1524 4650 1620 4715 debes
1652 4650 1746 4715 nobis
1778 4654 1887 4717 medio

272 4767 380 4811 meuse
401 4747 484 4811 llaio
505 4748 681 4811 transmitte
706 4746 746 4808 ad
776 4746 879 4808 locum
903 4743 1097 4827 ubicumque
1123 4757 1200 4809 tunc
1221 4748 1393 4817 fuerimus:
1422 4751 1449 4813 si
1477 4750 1556 4815 forte
1582 4753 1738 4817 rectitudo
1759 4754 1887 4821 itineris

271 4851 317 4913 tui
340 4851 382 4913 ita
404 4872 438 4911 se
458 4857 618 4931 conparet.
648 4858 681 4911 ut
703 4846 794 4909 nobis
815 4866 871 4930 per
891 4860 921 4910 te
943 4848 1047 4930 ipsunr
1076 4848 1106 4909 in
1130 4850 1321 4930 protectione
1343 4860 1397 4913 tua
1418 4870 1455 4914 ea
1475 4862 1657 4935 presentare
1675 4856 1797 4937 possis,
1824 4856 1886 4921 hoe

270 4952 372 5030 urugis
390 4963 544 5033 «quamue.
588 4949 684 5014 Videt
714 4957 749 5013 ut
770 4949 891 5011 nullam
917 4949 1140 5031 negligentium
1168 4951 1283 5013 exinde
1309 4950 1439 5032 habeas,
1466 4954 1550 5015 sicut
1578 4956 1712 5036 gratiam
1739 4966 1885 5022 nostram

271 5052 347 5115 velis
368 5052 489 5116 babere.
1901 5096 1930 5137 ω

349 5207 372 5261 εἰ
400 5207 507 5261 llatae.
590 5207 607 5257 b
641 5207 749 5267 xilv..
762 5210 839 5276 quod
847 5210 945 5277 corrup.
958 5217 995 5263 est
1005 5210 1151 5261 aquandum
1165 5209 1222 5261 dr'ci
1232 5217 1319 5261 notura
1331 5228 1401 5279 quoe
1410 5211 1540 5280 seqnitur.
1621 5212 1649 5268 οχλ
1670 5216 1883 5289 senispatumc.
1913 5198 1924 5209 ⁵

267 5288 293 5342 d*
320 5305 529 5359 qrracruuquec.
611 5290 632 5339 e'
660 5288 758 5340 inne.

375 5438 399 5489 1¹·
424 5438 772 5507 starasfurtaspernarique
789 5439 874 5495 luda.
889 5440 1127 5495 trrauarucrr'dr'enr
1142 5460 1159 5493 o
1175 5440 1351 5512 dlopdeburp.
1426 5442 1453 5496 2*
1479 5444 1882 5521 (rr.cap.Bonon.811‚c,8·

266 5534 298 5589 3‘·
321 5534 399 5606 Pr'pp.
411 5534 500 5605 (irpr't.
513 5534 642 5603 slqru'tou.
652 5533 718 5597 tos,
730 5536 785 5588 teo.

873 5674 980 5683 ——-·
1006 5676 1073 5683 -...-
1094 5676 1272 5685 ——-.-
