4418 6226
490 362 553 427 262
1147 364 1374 422 HLUDOWlCl
1398 365 1451 420 PH

489 550 593 621 partes
625 543 805 605 miserimus
848 548 902 604 aut
930 542 1040 625 legatis
1071 542 1126 624 qui
1158 541 1196 604 de
1229 541 1371 623 partibus
1397 539 1569 623 Hispaniae
1603 539 1641 602 ad
1681 558 1740 603 nos
1771 537 1963 603 transmissi
1993 535 2129 601 fuerint

489 652 612 727 paratas
633 642 749 706 iaciant
776 648 807 706 01
832 643 870 705 ad
895 642 1131 706 subvectionem
1154 661 1264 706 eorum
1288 643 1433 706 veredos⁰
1464 642 1588 705 donent.
1640 641 1734 704 Alius
1755 660 1829 704 vero
1851 658 1980 704 census
2002 638 2050 703 ab
2073 640 2128 703 eis.

488 764 591 827 neque
614 765 632 807 a
653 745 766 807 comite
787 764 892 828 neque
912 766 931 808 a
952 743 1130 807 iunioribus
1151 751 1181 808 et
1202 743 1460 808 ministerialibus
1481 745 1550 807 eius
1570 744 1722 825 exigatur.

589 848 616 911 2.
639 846 726 929 lpsi‘¹
747 865 822 909 vero
845 848 922 929 pro<l
943 846 1116 910 maioribus
1134 849 1256 925 causis,
1282 848 1364 909 sicut
1391 852 1467 909 sunt
1487 844 1669 924 homicidia,
1698 848 1820 929 raptus,
1846 843 2022 923 incendia,
2062 844 2121 907 de-

488 949 720 1032 praedationes,
747 947 960 1012 membrorum
985 950 1229 1031 amputationes,
1252 949 1349 1025 furta,
1375 948 1553 1024 latrocinia,
1581 946 1755 1010 alienarum
1776 966 1885 1009 rerum
1905 946 2118 1028 invasiones,
2142 960 2161 1001 δ

488 1057 519 1113 et
539 1050 753 1132 undecunque
774 1070 792 1112 a
812 1051 917 1113 vicino
939 1070 996 1113 suo
1018 1060 1073 1113 aut
1094 1050 1298 1114 criminaliter
1318 1057 1372 1112 aut
1392 1050 1524 1113 civiliter
1535 1049 1631 1112 fuerit
1643 1053 1810 1112 aecusatus
1831 1054 1863 1111 et
1883 1047 1926 1111 ad
1948 1048 2116 1132 placitum

488 1154 595 1215 venire
616 1153 739 1230 iussus,
767 1152 806 1214 ad
839 1153 962 1215 comilis
990 1155 1040 1215 sui
1063 1153 1195 1215 mallum
1222 1152 1413 1215 omnimodis
1440 1153 1548 1215 venire
1570 1170 1633 1213 non
1654 1156 1824 1214 recusent&
1873 1147 2009 1213 Ceteras
2032 1168 2115 1214 vero

488 1255 627 1316 minores
648 1272 760 1316 causas
781 1273 868 1316 more
889 1273 960 1329 suo,
982 1256 1063 1317 sicut
1086 1255 1238 1317 lractenus
1258 1254 1370 1318 fecisse
1391 1261 1581 1334 noscuntur,
1603 1255 1730 1316 interse
1744 1257 1855 1316 mutuo
1878 1250 2018 1316 definire
2041 1273 2113 1317 nou

488 1354 720 1438 prohibeantur.

590 1458 617 1521 3.
640 1456 681 1520 Et
710 1459 737 1520 si
765 1460 922 1542 quispiam
948 1478 1057 1521 eorum
1086 1459 1118 1520 in
1144 1464 1264 1541 partem
1293 1478 1389 1540 quarn
1415 1458 1468 1520 ille
1501 1457 1540 1519 ad
1568 1456 1773 1519 habitandum
1800 1455 1859 1519 sibi
1887 1468 2111 1541 occupaverat
2124 1485 2151 1524 io

489 1558 566 1622 alios
593 1560 737 1622 homines
766 1560 978 1642 undecunque
1007 1561 1169 1623 venientes
1196 1559 1366 1622 adtraxerit
1392 1566 1422 1622 et
1448 1578 1555 1622 secum
1584 1559 1617 1620 in
1644 1559 1786 1640 portione
1815 1577 1889 1638 sua,
1917 1578 2020 1641 quam
2052 1559 2108 1622 ad-

488 1663 677 1744 11110101101111
695 1672 820 1739 vocant,
842 1661 981 1724 habitare
998 1661 1119 1739 fecerit,
1140 1667 1248 1724 utatur
1264 1661 1389 1724 illorum
1412 1661 1538 1723 servitio
1556 1659 1677 1743 absque
1699 1659 1834 1722 alicuius
1850 1660 2108 1725 contradictione

489 1764 538 1826 vel
559 1765 799 1847 impedimento,
827 1772 858 1827 et
880 1764 970 1827 liceat
993 1763 1037 1825 illi
1059 1783 1113 1827 eos
1134 1763 1320 1846 distringere
1349 1762 1387 1825 ad
1409 1764 1544 1825 iustitias
1566 1761 1724 1824 iaciendas
1749 1761 1857 1842 quales
1876 1761 1937 1845 ipsi
1959 1762 2049 1825 inter
2070 1780 2107 1826 00

488 1865 619 1928 definire
639 1875 779 1948 possunt.
821 1865 929 1929 Cetera
957 1885 1030 1929 vero
1056 1867 1187 1945 iudicia,
1214 1866 1245 1928 id
1274 1875 1320 1929 est
1347 1865 1527 1927 criminales
1554 1865 1713 1941 actiones,
1740 1863 1779 1925 ad
1808 1881 1943 1926 examen
1972 1865 2106 1928 comitis

488 1974 695 2031 reserventur.
2118 1996 2147 2037 rs

587 2072 616 2134 4.
638 2069 680 2133 Et
701 2071 727 2133 si
750 2071 864 2152 aliquis
885 2090 925 2132 ex
953 2071 1002 2132 lris
1029 2069 1211 2133 hominibus
1240 2071 1296 2154 qui
1321 2069 1360 2132 ab
1387 2088 1497 2131 eorum
1525 2068 1630 2150 aliquo
1658 2067 1817 2130 adtractus
1838 2074 1886 2130 est
1915 2073 1946 2130 et
1974 2067 2009 2130 in
2041 2087 2105 2131 sua

488 2173 629 2254 portione
650 2171 831 2235 conlocatus
853 2172 958 2234 locum
982 2172 1158 2254 reliquerit,
1190 2172 1277 2235 locus
1298 2178 1404 2234 tamen
1435 2173 1489 2253 qui
1512 2171 1639 2234 relictus
1660 2176 1708 2234 est
1729 2190 1747 2232 a
1768 2169 1907 2232 dominio
1928 2168 2018 2233 illius
2043 2171 2103 2254 qui

488 2292 561 2336 eum
583 2276 671 2356 prius
692 2273 818 2337 tenebat
838 2293 902 2336 nou
924 2273 1055 2336 recedat.

587 2378 614 2440 ι’).
637 2374 728 2450 Quod
755 2377 782 2438 01
813 2375 859 2437 1111
888 2384 1013 2459 propter
1040 2377 1198 2439 leuitatem
1234 2383 1264 2438 et
1297 2374 1573 2438 mansuetudinem
1607 2375 1730 2437 comitis
1765 2375 1815 2437 sui
1849 2374 1951 2437 eidem
1986 2376 2103 2438 comiti

488 2477 616 2540 honoris
637 2488 667 2540 et
688 2477 832 2560 obsequii
852 2480 952 2561 gratia
974 2480 1135 2562 quippiam
1157 2478 1195 2540 de
1216 2477 1311 2540 rebus
1332 2479 1400 2540 suis
1422 2476 1639 2552 exhibuerint,
1666 2496 1729 2538 non
1752 2477 1809 2539 lroc
1829 2477 1875 2540 eis
1896 2496 1952 2559 pro
1975 2476 2102 2540 tributo
2113 2508 2150 2547 20.

489 2579 537 2642 vel
559 2599 657 2642 censu
680 2580 785 2662 aliquo
807 2587 1021 2662 computetur,
1043 2589 1097 2642 aut
1119 2599 1224 2642 comes
1245 2579 1297 2642 ille
1318 2579 1367 2641 vel
1389 2599 1585 2642 successores
1607 2580 1676 2641 eius
1695 2578 1754 2641 hoo
1776 2579 1808 2640 in
1829 2579 2101 2642 consuetudinem

488 2690 704 2763 praesumant,
732 2701 835 2764 neque
856 2701 909 2744 eos
930 2682 990 2745 sibi
1017 2682 1067 2743 vel
1098 2681 1278 2744 horninibus
1300 2684 1366 2744 suis
1393 2688 1448 2744 aut
1473 2683 1716 2744 mansionaticos
1744 2700 1853 2762 parare
1882 2685 1937 2743 aut
1960 2681 2101 2745 veredos

488 2783 561 2845 dare
586 2789 641 2845 aut
668 2782 766 2845 ullum
798 2802 927 2846 censum
957 2784 1006 2846 vel
1027 2783 1181 2846 tributum
1209 2791 1264 2846 aut
1290 2782 1495 2865 obsequium,
1526 2788 1647 2865 praeter
1668 2782 1699 2844 id
1727 2781 1812 2864 quod
1838 2783 1901 2844 iam
1925 2783 2101 2864 superius²

488 2885 749 2966 comprehensum
771 2893 831 2963 est,
857 2895 1014 2968 praestare
1035 2891 1155 2967 cogant.
1198 2885 1259 2948 Sed
1280 2885 1371 2947 liceat
1392 2892 1456 2947 tarn
1479 2887 1547 2947 istis
1568 2883 1735 2966 Hispania,
1763 2885 1818 2967 qui
1838 2885 1994 2967 praesenti
2015 2889 2101 2947 tem-

487 3003 562 3067 pore
583 2987 615 3047 111
637 2986 802 3068 praedietis
822 2986 898 3048 locis
920 2987 1070 3056 resident,
1101 3008 1197 3070 quam
1224 2987 1273 3050 1110
1296 2988 1351 3069 qui
1380 2987 1483 3049 adhuc
1504 2986 1543 3048 ad
1566 2992 1703 3048 nostram
1727 2984 1820 3048 tidem
1849 2985 1887 3048 de
1907 2986 2100 3068 iniquorum
2112 3020 2146 3061 η

487 3092 638 3170 potestate
667 3088 816 3171 fugiendo
844 3088 1056 3151 confluxerint
1085 3096 1115 3152 et
1144 3091 1175 3151 in
1205 3090 1335 3153 desertis
1364 3094 1458 3171 atque
1489 3090 1522 3150 in
1550 3088 1678 3150 incultis
1703 3088 1780 3150 locis
1806 3106 1862 3171 per
1881 3093 2022 3151 nostram
2043 3088 2100 3152 vel

487 3190 610 3252 comitis
632 3191 730 3252 nostri
751 3190 909 3253 licentiam
930 3191 1134 3254 consedentes
1154 3191 1295 3254 aedificia
1316 3190 1446 3253 fecerint
1467 3196 1498 3252 et
1523 3209 1614 3272 agros
1636 3188 1842 3269 incoluerint,
1870 3190 1961 3252 iuxta
1982 3209 2100 3274 supra·

488 3291 607 3354 dietum
629 3292 759 3354 nrodunr
781 3292 840 3354 sub
868 3302 975 3355 nostra
1003 3293 1182 3357 defensione
1209 3302 1303 3376 atque
1329 3293 1521 3375 protectione
1544 3292 1577 3353 in
1605 3279 1760 3354 libertate
1774 3291 1925 3369 residere,
1948 3298 1979 3355 et
2001 3291 2100 3356 nobis

487 3411 524 3455 ea
550 3414 631 3475 (piae
656 3396 802 3476 superius
828 3394 968 3457 diximus
989 3402 1053 3458 tam
1072 3415 1145 3458 cnm
1175 3397 1288 3458 comite
1316 3413 1374 3457 suo
1397 3412 1492 3475 quam
1520 3412 1593 3455 cum
1619 3394 1724 3456 missis
1742 3395 1811 3455 eius
1838 3412 1894 3475 pro
1914 3399 2098 3476 temporum

487 3496 718 3577 opportunitate
740 3495 883 3559 alacriter
903 3501 997 3578 atque
1018 3495 1151 3559 fideliter
1171 3496 1327 3559 exhibere.
1628 3506 1635 3522 '
2110 3534 2144 3574 ,α

588 3601 614 3660 6.
636 3596 788 3660 Noverint
810 3605 913 3661 tamen
936 3599 1031 3662 iidem
1053 3598 1187 3682 Hispani
1210 3599 1270 3662 sibi
1294 3599 1452 3661 licentiam
1483 3596 1612 3659 anobis
1634 3617 1703 3660 esse
1723 3616 1920 3677 concessam,
1947 3602 1984 3659 ut
2004 3615 2039 3660 se
2060 3599 2096 3661 in

486 3699 1112 3764 100001101111100111111111101100111οω010
1140 3700 1491 3777 00111000111111011110111;
1521 3707 1551 3761 et
1577 3701 1601 3760 si
1631 3698 1820 3762 beneficium
1847 3697 1974 3782 aliquod
2004 3699 2097 3781 quis-

487 3820 583 3883 quam
605 3820 714 3864 eorum
737 3802 774 3864 ab
798 3821 834 3864 eo
855 3805 906 3866 oui
929 3823 962 3866 se
982 3804 1214 3867 commendavit
1225 3804 1319 3867 luerit
1332 3811 1530 3881 consecutus,
1551 3802 1629 3864 sciat
1639 3820 1672 3863 00
1688 3800 1726 3864 de
1747 3801 1799 3862 1110
1820 3801 1882 3864 tale
1902 3800 2097 3882 obsequium

486 3903 603 3965 seniori
625 3922 683 3965 suo
704 3903 853 3967 exhibere
873 3904 999 3983 debere,
1021 3905 1112 3987 quale
1133 3914 1288 3969 nostrates
1312 3904 1454 3967 homiues
1477 3902 1515 3964 de
1537 3903 1632 3964 simili
1654 3902 1806 3966 beneficio
1828 3901 2005 3966 senioribus
2025 3904 2098 3979 suis

486 4003 634 4067 exhibere
655 4005 763 4068 solent.
2109 4044 2144 4086 3,

587 4108 614 4170 1.
638 4106 756 4170 Idcirco
777 4109 834 4170 has
855 4114 980 4171 nostrae
1004 4108 1198 4170 auctoritatis
1226 4108 1343 4171 litteras
1364 4112 1409 4173 eis
1430 4110 1503 4172 dare
1532 4108 1746 4185 decrevimus,
1774 4127 1830 4190 per
1851 4126 1930 4189 quas
1952 4105 2097 4169 decerni-

485 4228 558 4271 mus
580 4214 674 4291 atque
697 4209 844 4272 iubemus
867 4215 902 4271 ut
927 4209 1002 4273 lraec
1029 4220 1153 4272 nostrae
1179 4208 1373 4273 liberalitatis
1401 4220 1431 4274 et
1452 4208 1705 4273 mansuetudinis
1725 4210 1907 4272 constitutio
1928 4228 2002 4292 erga
2021 4208 2096 4272 illos

485 4316 593 4373 tenore
615 4320 764 4394 perpetuo
786 4311 825 4373 ab
848 4310 996 4373 omnibus
1016 4310 1163 4374 fidelibus
1184 4321 1310 4374 sanetae
1332 4311 1392 4375 Dei
1418 4313 1567 4376 eeclesiae
1587 4320 1618 4374 et
1639 4312 1753 4373 nostris
1775 4310 1997 4373 inviolabiliter
2016 4329 2095 4374 oon-

486 4422 636 4476 serretur.
686 4412 785 4475 Cuius
814 4413 1047 4474 constitutionis
1075 4414 1108 4474 in
1140 4433 1331 4496 unaquoque
1358 4414 1504 4477 011110103
1539 4412 1591 4475 ubi
1618 4413 1766 4495 praedicti
1792 4412 1925 4496 Hispani
1951 4411 2095 4476 habitare

486 4524 669 4591 noscuntur,
691 4521 753 4577 tres
775 4514 1254 4596 descriptionesessevolumus:
1280 4536 1376 4579 unam
1398 4538 1494 4601 qrranr
1516 4517 1682 4600 episcopus
1702 4516 1802 4597 ipsius
1813 4516 1948 4577 civitatis
1969 4513 2094 4596 habeat,
2106 4557 2143 4597 ω

486 4622 517 4679 01
549 4617 677 4679 alteram
710 4636 806 4699 quam
837 4634 956 4690 comes,
986 4628 1017 4679 et
1047 4617 1168 4679 tertiani
1204 4619 1262 4700 ipsi
1291 4618 1427 4703 Hispani
1459 4621 1513 4703 qui
1545 4621 1578 4682 in
1612 4619 1721 4682 eodem
1752 4617 1820 4678 loeo
1854 4625 2092 4679 conversantur.

485 4717 656 4802 Exemplar
681 4738 756 4782 vero
783 4738 893 4781 earnm
920 4720 953 4780 in
983 4718 1109 4781 archivo
1136 4719 1241 4801 palatii
1268 4722 1367 4783 nostri
1400 4723 1583 4785 censuimus
1610 4718 1842 4804 reponendum,
1878 4724 1913 4780 ut
1938 4737 1979 4781 ex
2005 4717 2094 4783 illius

485 4820 696 4903 inspectione,
724 4823 751 4884 01
773 4821 914 4904 quando,
935 4828 971 4884 ut
990 4820 1058 4884 fieri
1080 4822 1175 4899 solet,
1201 4831 1256 4884 aut
1277 4823 1336 4905 ipsi
1357 4843 1391 4886 00
1411 4824 1650 4887 reclamaverint
1671 4829 1726 4885 aut
1747 4839 1852 4882 comes
1873 4819 1922 4882 vel
1943 4818 2095 4902 quislibet

485 4922 563 4985 alter
584 4932 691 4986 contra
712 4943 766 4986 000
787 4943 914 4986 causam
936 4922 1092 5002 habuerit,
1114 4923 1253 4986 definitio
1274 4924 1338 4987 litis
1358 4924 1426 4988 fieri
1446 4927 1553 5008 possit.

585 5024 678 5087 Hanc
705 5028 822 5110 quippe
851 5026 1123 5103 constitutorem,
1157 5032 1194 5088 ut.
1226 5045 1282 5109 per
1312 5026 1462 5090 diuturna
1493 5033 1634 5109 tempora
1662 5045 1680 5086 a
1706 5023 1853 5087 fidelibus
1880 5030 2004 5087 sanctae
2030 5020 2092 5086 Dei
2106 5042 2140 5088 rs

583 5330 610 5387 el
631 5332 743 5386 veredas
758 5332 804 5386 tu.
885 5333 916 5403 cl)
938 5334 1001 5405 lpse
1012 5352 1076 5389 vero
1091 5334 1142 5404 qui
1151 5352 1201 5405 pro
1216 5333 1262 5387 cu.
1344 5333 1371 5402 e)
1389 5341 1498 5389 recuset
1512 5333 1564 5387 Cle.

584 5625 612 5691 1‘)
635 5623 1002 5697 CJr.aupropoq.169,rrot.
1013 5628 1039 5681 4.
1122 5627 1152 5692 2)
1176 5628 1243 5701 Cap.
1261 5628 1288 5680 1.
1369 5625 1890 5697 00100100000816.101001.
1978 5682 1986 5692 ,
