4380 6248
700 390 963 448 cnP1TULAR1A
983 388 1148 445 mamea
1666 388 1726 454 199

120 581 262 657 vergunt,
284 580 405 637 utnon
427 580 631 657 praesumant
651 575 712 657 ipsi
734 592 792 636 nec
815 573 958 636 homines
980 590 1090 635 eorum
1106 572 1198 635 alicui
1213 572 1333 634 homini
1355 591 1446 635 suam
1467 593 1595 637 causam
1617 573 1725 637 tollere

120 696 170 740 rec
200 696 296 740 suum
323 677 514 754 laboratum,
542 677 575 738 in
602 682 727 739 tantum
756 676 783 738 si
811 693 874 737 non
903 675 1153 756 comparaverint
1182 680 1237 738 aut
1265 676 1331 757 ipse
1356 675 1450 738 homo
1480 677 1525 739 eis
1552 694 1607 758 per
1633 695 1725 740 suam

120 786 320 862 pontaneam
342 779 537 841 voluntatem
559 797 623 840 non
646 777 774 840 dederit
815 775 856 838 Et
877 775 1004 858 quando
1019 775 1188 838 hibernum
1210 784 1335 858 tempus
1354 777 1463 856 fuerit,
1484 778 1593 841 nullus
1614 778 1725 843 debeat

120 883 312 944 nansionem
334 887 439 944 vetare
458 880 497 942 ad
518 881 603 962 ipsos
624 880 790 956 iterantes,
811 879 845 940 in
867 885 989 941 tantum
1013 878 1098 960 quod
1110 879 1170 960 ipsi
1182 879 1300 941 iniuste
1313 879 1433 942 nullam
1454 899 1584 943 causam
1605 881 1723 944 tollant

120 982 151 1046 Et
174 984 202 1046 si
225 982 342 1065 aliquis
362 982 421 1045 hoc
447 981 549 1045 facere
578 981 837 1064 praesumpserit,
863 987 927 1042 tam
956 980 1097 1043 seniores
1125 999 1222 1062 quam
1248 987 1279 1042 et
1304 981 1453 1062 vassallil,
1481 989 1512 1045 et
1539 984 1606 1066 ipse
1630 983 1727 1047 home

120 1083 231 1148 bidem
252 1085 292 1147 ad
314 1105 368 1149 eos
389 1084 639 1167 proclamaverit,
665 1090 742 1147 tunc
765 1082 932 1160 volumus,
960 1087 996 1145 ut
1016 1081 1232 1164 presentaliter
1257 1082 1310 1145 ille
1332 1083 1424 1147 homo
1446 1086 1501 1167 qui
1523 1085 1581 1148 hoc
1603 1085 1723 1149 malum

120 1189 183 1250 ecit
206 1187 265 1249 hoe
287 1187 372 1270 qnod
394 1187 433 1250 ad
454 1188 559 1270 ipsum
580 1186 742 1249 hominem
763 1185 858 1248 tulitl
879 1185 907 1247 ei
929 1184 1107 1247 secundum
1126 1203 1217 1247 suam
1237 1184 1337 1268 legem
1354 1186 1506 1250 emendet
1549 1186 1604 1250 ‘ue
1626 1188 1726 1251 sihoc

120 1292 234 1364 uenit,
263 1290 348 1373 quod
367 1290 437 1372 ipsa
458 1309 554 1352 causa
574 1287 692 1351 ibidem
713 1287 889 1350 secundum
912 1286 1012 1368 legem
1035 1285 1251 1368 presentaliter
1277 1287 1442 1350 emendata
1470 1307 1533 1351 non
1554 1289 1663 1368 luerit,
1691 1298 1722 1352 et

120 1392 149 1454 rd
172 1391 325 1474 palatium
348 1391 464 1454 exinde
485 1391 687 1473 proclamatio
716 1390 892 1468 devenerit,
913 1396 990 1451 tunc
1011 1387 1176 1468 volumus,
1202 1395 1238 1450 ut
1265 1389 1332 1471 ipse
1354 1391 1406 1471 qui
1429 1390 1488 1453 hoc
1510 1391 1629 1455 malum
1650 1390 1725 1454 fecit

120 1502 221 1557 eontra
248 1495 353 1576 ipsum
374 1493 534 1557 hominem
558 1492 613 1575 qui
631 1491 836 1574 proclamavit
859 1510 950 1553 suam
971 1490 1071 1572 legem
1091 1489 1248 1552 emendet¹
1270 1491 1361 1553 etad
1382 1492 1559 1573 paratione
1579 1501 1725 1557 nostrum

120 1615 257 1658 >annum
277 1602 462 1679 componat,
482 1606 560 1678 pro¹¹
580 1612 617 1657 eo
639 1593 723 1676 quod
744 1612 842 1676 super
859 1598 1004 1655 nostrum
1025 1591 1169 1655 bannum
1192 1592 1251 1654 hoc
1272 1591 1373 1656 faeere
1394 1614 1493 1658 ausus
1513 1594 1582 1658 fuit.

212 1701 241 1762 ὁ.
282 1697 373 1762 Stetit
393 1697 485 1760 nobis
507 1697 545 1760 de
566 1696 636 1759 illos
658 1696 802 1758 homines
825 1697 882 1778 qui
903 1695 954 1757 hic
975 1696 1057 1757 intra
1078 1693 1169 1757 Italia
1189 1713 1299 1757 eorum
1321 1697 1460 1758 seniores
1481 1696 1660 1776 dimittunt,
1689 1703 1725 1760 ut

120 1801 223 1865 rullus
243 1820 297 1864 eos
318 1799 428 1863 debeat
448 1801 585 1882 recipere
607 1800 639 1861 in
660 1800 815 1861 vassatico
837 1799 905 1861 sine
926 1804 1089 1860 comeatu⁰
1111 1798 1243 1859 senioris
1257 1798 1323 1873 sui,
1343 1804 1514 1880 antequam
1536 1800 1614 1862 sciat
1633 1818 1722 1863 vera·

120 1905 206 1982 riter,
233 1923 375 1986 proque
402 1921 498 1964 causa
525 1907 581 1964 aut
603 1901 696 1984 culpa
722 1902 790 1983 ipse
819 1920 915 1964 suum
942 1901 1098 1963 seniorem
1125 1899 1250 1961 dimisit
1300 1898 1341 1962 Et
1367 1900 1419 1963 ille
1446 1900 1539 1963 lrome
1568 1903 1622 1984 qui
1651 1921 1726 1966 enm

120 2007 253 2088 recipere
273 2004 408 2067 voluerit
429 2010 460 2067 et
479 2005 587 2086 ipsum
614 2022 721 2066 secum
750 2002 895 2066 habuerit
922 2002 1033 2065 debeat
1054 2020 1128 2064 eum
1157 2002 1190 2063 in
1219 2007 1327 2063 nostra
1352 2004 1509 2084 presentia
1535 2009 1723 2085 presentare,

120 2119 170 2170 aut
190 2109 258 2190 ipsc
278 2113 333 2169 aut
353 2107 471 2169 missus
493 2125 586 2181 suus,
607 2107 690 2169 intra
704 2104 912 2188 quadraginta
926 2112 1033 2167 noctes
1053 2113 1222 2186 postquam
1243 2105 1310 2186 ipse
1328 2104 1422 2167 homo
1437 2105 1475 2167 ad
1497 2125 1571 2168 eum
1593 2109 1724 2186 venerit,

120 2211 141 2272 si
163 2228 223 2271 nos
243 2210 326 2271 intra
346 2208 437 2271 Italia
457 2227 584 2285 sumus3
613 2209 692 2271 etsi
719 2227 778 2271 nos
808 2209 891 2269 intra
912 2206 1001 2269 Italia
1030 2226 1091 2268 non
1121 2206 1289 2284 fuerimus,
1317 2213 1394 2269 tuuc
1419 2213 1585 2290 postquam
1613 2209 1646 2271 in
1666 2208 1725 2273 Dei

120 2313 245 2374 nomine
262 2311 417 2374 fuerimus
436 2312 555 2373 reversi
576 2312 644 2393 ipse
671 2312 754 2373 intra
775 2309 984 2392 quadraginta
1012 2315 1119 2371 noctes
1146 2328 1221 2372 eum
1245 2311 1276 2371 in
1304 2317 1411 2372 nostra
1437 2313 1594 2393 presentia
1616 2311 1727 2376 debeat

120 2420 308 2497 presentare,
338 2415 421 2476 sicut
441 2432 537 2496 supra
558 2413 706 2476 diximus.
747 2411 789 2475 Et
810 2413 836 2474 si
858 2413 931 2493 quis
952 2431 1048 2494 super
1068 2411 1126 2474 hoc
1154 2412 1255 2475 lacere
1281 2414 1508 2496 presumpserit
1531 2420 1561 2476 et
1589 2415 1634 2477 sic
1661 2435 1724 2479 non

120 2515 347 2598 adimpleverit,
368 2516 484 2579 exinde
504 2515 648 2579 bannum
668 2521 810 2578 nostrum
833 2514 872 2577 ad
893 2526 1012 2597 partem
1037 2521 1175 2576 nostram
1197 2521 1361 2598 conponat.

217 2621 243 2684 o.
285 2618 397 2682 Stetit³
418 2618 510 2681 nobis
532 2619 570 2682 de
590 2618 773 2681 homiuibus
793 2617 971 2694 libellariis,
992 2623 1028 2679 ut
1048 2616 1156 2679 nullus
1178 2618 1276 2679 comis
1298 2637 1356 2680 nec
1375 2618 1516 2682 iuniores
1537 2637 1647 2682 eorum
1669 2638 1724 2683 eos

120 2721 251 2804 amplius
271 2741 335 2785 non
357 2721 546 2804 distringant
567 2740 625 2785 neo
646 2723 836 2802 inquietent,
856 2720 917 2783 nisi
938 2721 1020 2782 sicut
1041 2739 1059 2781 a
1079 2725 1219 2801 tempere
1236 2717 1515 2802 Langobardorum
1533 2740 1643 2785 eorum
1663 2721 1725 2786 fuit

120 2824 319 2887 :orrsuetudo

216 2927 242 2989 7.
284 2925 407 2989 Placuit
427 2926 518 2990 nobis
540 2926 578 2989 de
598 2926 739 2989 ecclesiis
757 2922 1012 3008 baptismalibus,
1039 2930 1074 2987 ut
1095 2925 1127 2986 in
1150 2923 1300 2986 omnibus
1328 2924 1371 2986 ita
1392 2925 1525 2989 debeant
1551 2946 1620 2990 esse
1641 2927 1724 2990 ordi·

120 3034 187 3092 nate
210 3038 241 3092 et
261 3036 460 3108 conservate,
482 3028 640 3112 quomodo
662 3029 799 3091 domnus
820 3026 957 3090 Karolus
978 3046 1034 3089 rex
1056 3026 1258 3089 demandavit
1278 3027 1361 3090 etin
1383 3046 1442 3090 sue
1460 3028 1630 3111 capitulare
1651 3048 1726 3091 con-

120 3131 222 3193 tinct⁴

214 3238 243 3297 8.
287 3232 327 3295 Et
347 3234 406 3295 hoc
426 3233 640 3301 instituimus.
660 3239 696 3296 ut
716 3233 905 3295 emunitates
926 3251 944 3294 a
964 3231 1112 3294 iamdicto
1134 3230 1250 3294 domno
1272 3237 1379 3295 nostro
1401 3231 1543 3296 firmatae
1564 3234 1598 3296 in
1619 3235 1721 3296 omni·

120 3335 176 3398 bus
197 3334 243 3398 sic
264 3341 466 3398 conservatae
487 3354 556 3398 esse
575 3333 725 3411 debeant,
746 3335 829 3397 sicut
850 3340 897 3397 est
917 3335 1014 3397 iussio
1035 3335 1135 3416 ipsius
1157 3333 1266 3396 domni
1291 3336 1389 3397 nostri
1410 3333 1518 3398 Karoli
1539 3335 1650 3419 regist

219 3439 247 3503 9.
289 3435 583 3514 ConsideravimuS,
610 3446 647 3500 ut
667 3439 734 3500 vias
753 3444 783 3500 et
804 3442 945 3519 portoras
972 3436 1021 3499 vel
1042 3442 1153 3518 pontes
1174 3436 1256 3498 infra
1276 3455 1411 3519 regnum
1433 3444 1578 3500 nostrum
1600 3439 1633 3500 in
1656 3458 1723 3501 em·

120 3539 211 3604 nibus
231 3541 364 3624 pleniter
384 3540 547 3603 emendate
568 3559 638 3603 esse
659 3539 792 3603 debeant
813 3558 867 3623 per
889 3539 942 3601 illa
962 3539 1029 3601 loca
1052 3538 1105 3602 ubi
1127 3544 1218 3602 antea
1240 3558 1364 3622 semper
1384 3538 1546 3617 fuerunt¹²;
1569 3560 1642 3603 nam
1666 3560 1723 3624 per

120 3642 176 3706 alia
196 3643 264 3706 loca
284 3662 379 3727 super
398 3643 467 3726 ipsa
487 3640 622 3705 flumina
642 3642 824 3705 nullatenus
846 3648 987 3725 portoras
1008 3660 1077 3704 esse
1098 3640 1241 3704 debeant.

221 3750 267 3811 lo.
308 3744 432 3809 Placuit
459 3745 552 3808 nobis
580 3745 618 3808 de
645 3744 708 3807 illis
734 3745 861 3808 feminis
889 3763 1025 3826 quarum
1055 3744 1158 3806 mariti
1185 3744 1217 3805 in
1245 3742 1377 3806 Francia
1402 3762 1471 3807 esse
1497 3743 1660 3824 videntur,
1688 3751 1724 3809 ut

120 3848 203 3910 missi
225 3849 325 3910 nostri
344 3866 399 3930 per
419 3867 555 3931 regnum
577 3854 721 3910 nostrum
743 3848 802 3910 hoc
822 3846 955 3910 debeant
976 3847 1151 3928 inquirere,
1182 3846 1208 3907 si
1237 3864 1346 3908 eorum
1369 3846 1504 3909 iustitias
1526 3846 1571 3908 sic
1592 3846 1725 3929 pleniter

120 3949 264 4026 labeant,
285 3950 367 4012 sicut
386 3950 447 4013 fuit
468 3952 568 4013 iussio
589 3950 696 4013 domni
718 3951 845 4028 nostrie,
871 3969 912 4012 an
935 3968 1013 4012 non:
1036 3956 1067 4012 et
1090 3950 1144 4030 qui
1166 3949 1212 4010 sic
1233 3946 1396 4026 babuerit,
1416 3947 1511 4025 bene;
1534 3949 1583 4011 sin
1605 3955 1723 4027 autem,

120 4071 190 4115 :une
211 4051 361 4116 volumus
383 4060 418 4114 nt
447 4053 507 4135 ipsi
529 4053 617 4115 missi
638 4052 737 4116 nostri
759 4064 849 4115 cumr
877 4053 944 4134 ipso
971 4052 1084 4113 comite
1111 4051 1144 4112 in
1168 4051 1260 4113 cuius
1286 4055 1333 4113 est
1359 4050 1549 4113 ministerior
1578 4052 1620 4114 ita
1645 4072 1720 4114 eon-

120 4153 234 4238 pleant,
255 4155 337 4216 sicut
357 4154 494 4217 domnus
516 4161 622 4218 noster
641 4154 852 4218 demandavit.

216 4260 262 4319 11.
303 4255 393 4320 Stetit
414 4255 518 4335 nobie,
547 4263 582 4319 ut
603 4258 716 4320 missos
746 4265 883 4335 nostros,
912 4277 1013 4319 unum
1033 4256 1224 4319 monachum
1252 4262 1283 4319 et
1303 4255 1418 4319 alium·
1440 4255 1650 4338 capellanum,
1676 4256 1723 4319 di-

120 4359 291 4422 rexerimus
311 4359 393 4421 infra
414 4378 547 4442 regnum
570 4366 713 4422 nostrum
728 4359 957 4443 previdendum
974 4364 1018 4423 et²
1039 4358 1281 4439 inquirendum‘
1302 4378 1358 4441 per
1368 4359 1559 4421 monasteria
1580 4357 1721 4421 virorum

120 4468 144 4524 et
164 4459 343 4543 puellarum
364 4480 427 4544 qne
455 4460 514 4524 sub
537 4469 647 4524 saneta
673 4461 785 4543 regula
809 4463 916 4525 rivere
943 4461 1071 4540 debent,
1100 4460 1257 4543 quomodo
1283 4465 1330 4522 est
1354 4479 1465 4522 eorum
1492 4458 1641 4522 habitatio
1666 4459 1717 4523 vel

120 4563 217 4645 qualis
239 4569 287 4626 est
308 4564 371 4626 vita
391 4572 447 4627 aut
467 4565 663 4626 conversatio
684 4583 811 4643 eorum,
838 4570 869 4627 et
890 4562 1048 4646 quomodo
1071 4580 1334 4645 unumquemque
1356 4563 1583 4625 monasterium
1609 4561 1719 4624 dares

120 4663 228 4728 nabere
249 4664 388 4745 videtur,
408 4666 493 4728 unde
515 4667 621 4730 vivere
642 4666 747 4749 possit.

216 4768 262 4831 12.
302 4765 427 4830 Placuit
448 4767 557 4846 nobie,
587 4775 620 4831 ut
641 4768 750 4831 nullus
772 4769 870 4831 coriis
892 4787 949 4830 nec
971 4768 1111 4831 iuniores
1131 4786 1241 4830 eorum
1269 4766 1453 4830 nullatenus
1480 4771 1641 4849 presumat
1662 4764 1718 4826 ali-

120 4869 165 4932 mi
187 4868 307 4931 homini
329 4888 387 4932 sua
407 4871 587 4933 testimonia
607 4869 714 4933 tollere
735 4877 808 4932 autu
830 4869 1040 4948 abstrahereu,
1068 4870 1129 4932 nisi
1159 4869 1380 4952 permittantur
1400 4869 1428 4931 ei
1449 4869 1518 4951 ipsa
1538 4868 1717 4930 testimonia

215 5090 236 5159 i>
258 5090 554 5162 bassalli23basalli8.
616 5091 646 5145 kl
668 5093 1027 5163 quiproclamataald.7.8.
1094 5091 1114 5161 l)
1138 5091 1174 5144 Et
1186 5091 1280 5145 si....
1298 5088 1556 5144 emendetom‚7.8.
1620 5088 1659 5156 m)
1676 5105 1719 5142 ex·

120 5171 326 5226 mdearld.i.8.
408 5178 437 5242 n)
459 5191 509 5243 pro
520 5191 553 5228 eo
564 5173 622 5226 rell.
637 5191 689 5226 ona.
702 5173 725 5227 7.
735 5173 760 5226 8.
842 5173 870 5240 ο)
892 5172 1097 5228 voluntatel.8.
1176 5174 1207 5242 p)
1229 5168 1498 5225 fnitconsuetudob.
1579 5168 1608 5240 q)
1622 5168 1718 5222 Karoli

120 5253 216 5306 affl.
297 5251 322 5320 r)
341 5270 478 5307 cum....
501 5252 787 5308 ministerioom.7.8.
870 5253 893 5307 sl
915 5252 1064 5306 unum7.8.
1147 5251 1170 5319 t)
1191 5250 1354 5305 aeaeae.
1435 5248 1680 5320 u)deeunt2.7.8.

214 5466 247 5535 3)
269 5466 330 5534 Otr.
346 5468 433 5539 Capit.
444 5468 591 5521 dicaturve.
604 5470 714 5522 eecuaul.
723 5468 790 5538 787,
804 5487 828 5522 ο.
839 5468 863 5523 b.
918 5467 948 5537 4)
972 5468 1038 5538 Cap.
1050 5467 1197 5521 Mantuae.
1206 5466 1273 5534 787,
1288 5468 1409 5538 primum
1423 5466 1488 5537 ο.4;
1502 5467 1649 5520 madum
1663 5483 1687 5519 c.
1695 5465 1720 5519 3.

120 5562 146 5635 ⁵)
167 5562 237 5637 Cap.
248 5564 397 5619 Mantuae.
407 5564 462 5619 787
477 5566 624 5619 emendum
637 5585 661 5619 c.
670 5567 694 5619 1.
