4380 6248
952 384 1066 439 LIBER
1086 383 1272 449 QUARTUS.
1864 382 1928 446 443

315 562 418 625 missis
438 562 619 625 iniunctum
639 560 717 642 fnit,
745 562 900 625 iustitiam
927 559 1043 624 faciant
1069 561 1108 624 (16
1131 559 1228 624 rebus
1254 565 1286 624 et
1310 559 1507 624 libertatibus
1534 561 1653 623 iniuste
1680 559 1807 639 ablatis3
1833 567 1865 624 et
1895 562 1923 624 si

314 664 478 747 episcopus
499 669 555 727 aut
573 662 672 726 abbas
692 669 748 727 aut
770 664 906 727 vicarius
928 673 984 726 aut
1001 662 1172 727 advocatus
1193 670 1248 726 aut
1267 662 1418 746 quislibet
1432 662 1472 725 de
1484 660 1575 745 plebe
1596 662 1655 725 hoc
1674 661 1786 726 fecisse
1806 664 1919 727 inven-

313 772 364 830 tus
384 766 491 846 fuerit,
519 767 626 829 statim
647 766 862 830 restituantur.
903 763 937 829 Si
955 783 1030 829 vero
1051 764 1103 828 vel
1122 783 1229 829 comes
1250 764 1300 828 vel
1321 771 1407 828 actor
1427 765 1606 827 dominicus
1635 763 1684 827 vel
1703 764 1781 828 alter
1800 766 1921 828 missus

313 867 470 951 palatinus
490 868 550 932 hoc
570 868 762 951 perpetravit
779 872 810 930 et
830 868 864 930 in
893 872 1034 930 nostram
1059 872 1243 950 potestatem
1272 867 1432 950 redigerit,
1462 885 1513 930 res
1541 866 1707 949 diligenter
1733 867 1921 949 investigata

286 975 343 1033 set
364 970 519 1053 descripta
541 970 580 1033 ad
600 976 748 1033 nostrum
769 969 924 1032 iudicium
944 976 1130 1033 reservetur.

411 1073 461 1137 43.
504 1067 554 1134 De
573 1069 639 1133 illas
659 1069 854 1134 libertatibus
871 1073 900 1133 et
919 1069 1011 1134 rebus
1024 1069 1284 1150 reddendisqaae
1305 1069 1339 1132 ia
1359 1072 1488 1132 clostra⁸
1505 1070 1658 1133 vestitura
1677 1073 1764 1146 sant,
1785 1070 1929 1151 66611166

310 1172 527 1254 *inquirentem
568 1172 728 1247 Volumus
752 1179 874 1252 autem,
896 1180 931 1236 ut
953 1173 992 1237 de
1010 1173 1060 1236 his
1080 1171 1279 1236 libertatibus
1299 1178 1331 1236 et
1355 1170 1452 1236 rebus
1469 1172 1637 1236 reddendis
1660 1193 1742 1256 qnae
1763 1174 1929 1238 innostra

311 1276 464 1340 vestitura
485 1282 562 1339 sunt
582 1277 685 1358 primo
706 1294 764 1357 per
783 1277 919 1359 optimos
940 1294 1086 1359 quosque
1106 1275 1300 1358 inquiratur3
1332 1280 1364 1339 et
1391 1276 1418 1337 si
1440 1293 1496 1358 per
1517 1273 1588 1338 illos
1608 1276 1746 1339 inveniri
1768 1296 1833 1340 non
1852 1297 1924 1360 pos·

312 1378 368 1455 sit,
400 1383 477 1442 tune
498 1396 555 1460 per
573 1396 627 1442 eos
648 1379 706 1461 qui
729 1385 798 1462 post
819 1378 890 1441 illos
910 1379 942 1441 in
973 1378 1028 1441 illa
1053 1379 1171 1442 vicinia
1198 1378 1345 1442 meliores
1372 1383 1463 1455 sunt;
1498 1386 1529 1441 et
1557 1379 1583 1440 si
1612 1397 1672 1441 uec
1697 1397 1754 1462 per
1780 1378 1850 1442 illos
1879 1380 1925 1443 rei

267 1504 300 1542 ιο
312 1481 427 1544 veritas
448 1481 585 1543 inveniri
606 1487 720 1563 potest,
748 1486 826 1544 tuno
847 1480 939 1544 liceat
959 1479 1157 1564 litigantibus
1184 1499 1225 1544 ex
1255 1486 1390 1563 uaeque
1415 1484 1502 1563 parte
1527 1484 1623 1544 testes
1648 1480 1814 1559 adhibere3
1845 1483 1926 1546 etsi

313 1582 573 1663 discordaverint,
594 1582 772 1646 secundum
794 1583 1052 1646 constitutionem
1073 1604 1092 1646 a
1113 1581 1205 1646 nobis
1226 1582 1459 1666 promulgatam
1480 1583 1713 1646 examinentur.

412 1685 461 1749 44.
504 1680 555 1746 De
573 1682 769 1763 oppressione
777 1702 971 1762 pauperum,
992 1683 1166 1746 aeduorum
1186 1687 1215 1747 et
1228 1682 1438 1764 pupillorum.
1480 1683 1528 1748 De
1541 1684 1748 1768 pauperibus,
1768 1686 1873 1749 viduis
1893 1691 1925 1750 et

313 1786 440 1870 pupillis
460 1787 579 1849 iniuste
599 1787 773 1869 oppressis,
795 1792 831 1849 ut
851 1786 1044 1849 adiuventur
1063 1792 1094 1850 61
1113 1787 1301 1850 releventur.

412 1892 460 1954 to.
502 1885 552 1951 De
570 1887 702 1951 iniustis
722 1887 1132 1951 mnsaetadiaibasnovitcr
1149 1888 1314 1952 institutis.
1358 1888 1404 1952 [le
1421 1890 1550 1953 iniustis
1564 1889 1785 1952 occasionibus
1799 1896 1830 1953 et
1851 1909 1926 1954 con·

277 2000 302 2041 1⁵
314 1990 537 2056 suetudinibus
559 1992 682 2054 6661166
701 1991 868 2068 institutiS,
891 1992 973 2054 sicut
994 1997 1070 2053 sunt
1090 1989 1209 2053 tributa
1230 1997 1261 2053 et
1278 1991 1395 2054 telonei
1415 1992 1449 2054 in
1471 1991 1575 2055 media
1595 1992 1662 2069 via,
1684 1990 1739 2054 ubi
1761 2011 1819 2055 nec
1839 2013 1924 2075 aqua

313 2113 370 2157 nec
392 2093 483 2177 palus
504 2112 564 2157 nec
584 2112 664 2176 pons
685 2111 744 2156 nec
764 2093 884 2175 aliquid
905 2093 967 2156 tale
986 2091 1082 2156 fuerit
1104 2092 1189 2156 unde
1209 2094 1293 2156 inste
1311 2111 1428 2157 census
1439 2095 1523 2176 exigi
1544 2095 1659 2176 possit,
1679 2092 1729 2156 vel
1750 2093 1805 2157 ubi
1827 2114 1925 2158 naves

313 2196 427 2259 subtus
447 2202 558 2275 pontes
578 2196 712 2259 transire
739 2195 855 2274 solent,
882 2196 950 2258 sive
977 2196 1012 2257 in
1036 2195 1139 2258 medio
1165 2193 1300 2258 flumine
1326 2194 1382 2259 ubi
1409 2194 1535 2258 nullum
1567 2194 1766 2258 obstaculum
1794 2203 1859 2275 est,
1889 2203 1925 2260 nt

313 2298 511 2374 arrferantur3
534 2299 704 2381 antiquaeb
726 2303 832 2360 autem
856 2297 895 2360 ad
916 2303 1057 2361 nostram
1079 2298 1222 2360 notitiam
1244 2297 1449 2360 deferantur.b

412 2402 461 2465 46.
504 2396 554 2462 De
572 2398 686 2462 lanae
705 2397 914 2461 coelaturam.
956 2397 1022 2463 Dee
1042 2399 1160 2463 honore
1172 2399 1392 2480 ecclesiarum,
1414 2406 1466 2463 61ο
1486 2419 1542 2482 per
1553 2401 1659 2462 omnia
1669 2401 1714 2462 eis
1729 2398 1925 2479 exhibeatur,

278 2504 397 2567 asicut
417 2521 513 2586 super
531 2523 550 2565 a
570 2501 661 2565 nobis
683 2521 757 2565 cnm
780 2520 938 2565 consensu
960 2503 1105 2564 omnium
1131 2501 1274 2564 fidelium
1304 2508 1487 2565 nostrorum
1513 2503 1722 2565 constitutum
1743 2509 1806 2577 est3
1838 2508 1870 2566 et
1890 2509 1927 2566 ut

313 2606 372 2669 hoc
393 2607 482 2670 missi
502 2606 601 2669 nostri
623 2604 774 2668 omnibus
795 2605 830 2666 in
852 2623 912 2666 sua
932 2603 1088 2686 legatione
1109 2605 1289 2667 constitutis
1310 2610 1423 2667 notum
1445 2603 1591 2667 efficiant

413 2709 462 2772 47.
505 2702 555 2768 De
575 2705 667 2768 noeais
687 2708 714 2768 et
734 2704 869 2767 decimis.
912 2703 978 2769 Ded
999 2707 1094 2768 nonis
1104 2712 1135 2769 et
1144 2705 1289 2785 decimis,
1311 2706 1367 2769 ut‘l
1389 2705 1565 2770 seeundum
1587 2706 1761 2770 iussionem
1780 2712 1921 2770 nostram

313 2811 437 2875 dentur.

413 2913 462 2976 48.
504 2906 554 2973 Dc
572 2909 646 2973 locis
665 2908 709 2971 ad
729 2908 870 2972 61666116
889 2909 1110 2972 caaoaieoram
1129 2907 1288 2989 facienda.
1331 2906 1466 2973 Delocis
1479 2909 1592 2973 dandis
1613 2910 1652 2973 ad
1673 2911 1811 2974 claustra
1831 2930 1925 2974 cano·

279 3017 459 3078 ¹⁶nic0rum
479 3013 634 3084 iacienda,
661 3013 688 3076 si
714 3012 753 3075 de
779 3011 921 3075 eiusdem
943 3011 1093 3076 ecclesiae
1118 3011 1215 3075 rebus
1240 3011 1349 3092 fuerit,
1376 3014 1485 3074 ababa
1512 3009 1712 3074 liberalitatee
1739 3012 1926 3075 6666666166

314 3116 373 3191 ibi;
404 3116 431 3179 si
458 3115 497 3179 de
524 3115 655 3178 alterius
680 3113 830 3177 ccclesiae
859 3113 910 3177 vel
938 3113 1110 3177 liberorum
1137 3114 1320 3194 hominum,
1347 3120 1575 3192 commutetur3
1604 3116 1630 3178 si
1659 3120 1766 3178 autern
1786 3116 1825 3178 dc
1850 3115 1927 3179 fisco

315 3226 421 3282 nostro
441 3217 552 3296 tuerit,
574 3223 683 3279 nostra
704 3215 906 3279 liberalitate⁰
928 3215 1125 3279 concedatur.

413 3321 462 3385 49.
504 3318 553 3381 De
577 3316 785 3381 6566661666
811 3319 1046 3397 praeceptomam
1079 3315 1314 3379 dominicorum.
1368 3315 1417 3382 De
1444 3317 1663 3382 observatione
1688 3325 1927 3402 praeceptorum

315 3432 496 3487 nostrorum
518 3427 548 3485 et
568 3421 812 3500 inmunitatum,
832 3426 868 3483 ut
888 3421 932 3483 ita
952 3419 1161 3483 observentur
1181 3421 1265 3483 sieut
1283 3440 1301 3483 a
1322 3419 1414 3483 nobis
1425 3428 1456 3484 et
1476 3419 1515 3483 ab
1535 3419 1787 3484 antecessoribus
1807 3423 1929 3485 nostris

279 3526 524 3589 accusaturum
545 3529 601 3587 est

414 3629 462 3693 50.
502 3626 551 3689 Dc
570 3625 621 3688 bis
640 3623 697 3705 qai
712 3643 774 3704 per
793 3622 1688 3704 6666616666(16666116116166111161616661666166661.
1729 3622 1778 3687 116
1799 3623 1847 3686 his
1869 3625 1925 3707 qui

316 3749 371 3814 per
391 3731 588 3793 occasionem
610 3728 811 3791 inmunitatis
832 3728 985 3790 iustitiam
1006 3727 1109 3790 iacere
1129 3732 1309 3807 rennuunt,
1337 3733 1373 3789 ut
1402 3726 1461 3789 hoe
1483 3725 1668 3790 observetur
1690 3725 1775 3809 quod
1795 3746 1814 3789 a
1835 3725 1929 3789 nobis

315 3832 524 3895 coustitutum
545 3837 601 3894 est.

415 3934 463 3997 51.
503 3931 552 3995 Dc
580 3930 653 3994 loeis
679 3930 868 3994 *iamdudum
891 3929 991 3993 saeris
1017 3932 1046 3992 et
1071 3948 1158 3992 6666
1181 3931 1337 4010 spurcitia
1368 3929 1511 4010 foedatis.
1556 3928 1605 3995 De
1632 3931 1709 3995 locis
1740 3930 1927 3995 iamdudum

278 4035 414 4099 6666616
444 4041 475 4098 61
501 4053 587 4097 nune
615 4034 765 4116 spurcitia
791 4033 937 4112 foedatis,
968 4040 1003 4096 ut
1030 4034 1121 4096 iuxta
1150 4032 1389 4116 possibilitatem
1420 4035 1452 4096 in
1482 4035 1650 4116 antiquum
1683 4039 1800 4096 statum
1829 4033 1926 4097 refor-

317 4141 451 4201 meatur.

415 4240 464 4303 52.
505 4237 555 4301 De
577 4236 732 4315 beneficiis
753 4235 917 4299 dominicis
937 4235 1111 4299 destructas.
1152 4235 1201 4300 De
1229 4235 1391 4301 beneficiis
1416 4238 1533 4301 nostris
1554 4256 1636 4320 quae
1657 4237 1817 4301 destructa
1836 4239 1925 4301 inve·

316 4344 452 4405 niuntur
472 4342 530 4404 hoc
551 4340 720 4425 impleatur
740 4339 826 4422 quod
848 4358 950 4423 nuper
970 4359 989 4402 a
1009 4338 1102 4402 nobis
1122 4340 1331 4402 constitutum
1354 4345 1410 4402 est.

416 4444 465 4508 53.
508 4438 558 4504 De
577 4440 664 4522 16166
684 4444 852 4504 (66661661
872 4440 911 4503 (16
938 4439 1014 4503 aliis
1034 4439 1168 4504 dicacis
1192 4440 1299 4503 cauas
1318 4439 1531 4520 prohibendis.
1577 4438 1626 4505 De
1646 4460 1729 4504 nova
1749 4448 1876 4505 moneta
1896 4447 1928 4506 61

277 4562 305 4601 «ο
318 4546 356 4610 (16
376 4544 454 4609 falsa
475 4553 602 4609 moneta
623 4552 653 4608 et
680 4544 718 4607 de
745 4544 888 4627 dispectu
914 4544 1090 4607 htterarum
1120 4549 1301 4607 nostrarum
1326 4550 1356 4607 61
1382 4543 1421 4606 (16
1445 4543 1622 4607 latronibus
1647 4543 1849 4607 cohercendis
1875 4543 1926 4608 vel

316 4648 487 4732 puniendis
507 4655 538 4710 et
559 4647 598 4710 de
617 4646 725 4710 faidis‘
741 4646 906 4730 pacandis,
931 4646 971 4709 de
982 4645 1160 4708 homicidiis
1180 4644 1399 4729 prohibendis,
1421 4645 1460 4709 de
1469 4646 1616 4728 periuriis
1632 4651 1664 4708 et
1683 4645 1770 4709 falsis
1790 4645 1926 4709 testibus

316 4749 556 4834 conpescendis,
587 4750 626 4812 (16
653 4750 702 4813 his
732 4748 883 4812 omnibus
904 4748 955 4810 vel
976 4749 1088 4811 ceteris
1118 4748 1167 4810 his
1195 4746 1354 4811 similibus
1380 4747 1439 4810 hoc
1469 4747 1672 4830 quodmodo
1701 4749 1927 4811 constituimus

317 4851 466 4917 omnibus
485 4852 691 4916 adnuntietur
712 4853 796 4915 etin
819 4850 965 4914 futurum
986 4849 1178 4913 observetur.

416 4957 466 5019 54.
507 4949 557 5016 Dc
586 4954 751 5016 6116661661
781 4951 1007 5015 doninicorum
1031 4951 1247 5014 obsooabone.
1293 4949 1363 5014 Hoc
1390 4952 1539 5015 volumus
1564 4957 1601 5015 ut
1630 4952 1719 5015 missi
1748 4952 1846 5015 nostri
1873 4950 1928 5014 ob-

277 5073 305 5112 a
318 5064 459 5134 servent,
480 5061 532 5135 ut,
553 5055 704 5139 quicquid
726 5055 764 5118 de
785 5054 835 5117 his
856 5055 963 5117 causis
983 5054 1031 5117 vel
1050 5053 1146 5116 simul
1166 5053 1215 5117 vel
1235 5053 1419 5136 singillatim
1440 5053 1607 5118 emendare
1628 5055 1800 5135 potuerint,
1820 5071 1928 5117 emen-

318 5160 408 5237 dent,
438 5165 474 5222 ut
493 5177 531 5222 ea
553 5169 654 5241 6666κ
680 5156 919 5221 emendaverint
944 5155 1110 5239 diligenter
1131 5157 1255 5239 scriptis
1276 5162 1402 5235 notent,
1432 5163 1464 5219 61
1491 5155 1549 5219 hoc
1570 5157 1615 5219 sic
1637 5174 1785 5239 peragere
1804 5161 1928 5236 curent,

419 5439 447 5505 6)
468 5437 608 5492 dominica
627 5437 683 5491 abi.
763 5434 794 5503 h)
815 5434 864 5506 qui
883 5440 977 5489 autem
995 5435 1049 5490 hoc
1065 5433 1260 5504 eructaverint,
1279 5433 1314 5488 ad
1331 5440 1453 5487 nostram
1472 5431 1656 5504 praesentiam
1676 5432 1848 5488 deducantur
1865 5435 1927 5487 cod.

319 5519 475 5590 Sebaffbua.
536 5517 563 5587 6)
584 5515 775 5588 Praecipirnus
788 5524 820 5570 ut
828 5515 918 5570 honor
930 5515 1107 5570 ecclesiarum
1119 5514 1230 5569 debitus
1249 5514 1307 5567 Vct.
1317 5513 1379 5568 Pol.
1392 5512 1458 5582 583,
1475 5513 1532 5566 Vnt.
1548 5511 1612 5568 Chr.
1624 5511 1690 5568 974.
1751 5514 1781 5583 d)
1803 5513 1927 5584 Precipi·

319 5617 382 5656 mus
390 5607 424 5654 nt
432 5614 522 5654 nouae
534 5604 563 5653 61
573 5597 697 5652 decimae
709 5597 791 5652 codd.
805 5596 897 5649 iidata.
966 5592 994 5668 6)
1016 5596 1145 5651 libertate
1157 5596 1240 5649 codd.
1255 5594 1413 5666 complures.
1482 5593 1507 5665 f)
1528 5592 1558 5647 id
1570 5602 1613 5648 eet
1623 5593 1759 5665 gevehida
1770 5594 1887 5664 pharam
1898 5595 1928 5647 in

280 5675 659 5750 remandaremus.
720 5675 750 5750 g)
773 5694 828 5732 non
849 5677 916 5730 odd.
930 5676 1055 5729 66666111
1067 5677 1146 5728 codd
