4380 6248
871 381 873 384 ’
953 358 1068 412 LIBER
1088 356 1273 422 QUARTUS.
1857 355 1919 417 441

312 545 409 602 atres
429 538 571 621 proprias
591 535 751 616 habuerit,
778 536 811 598 in
833 533 928 598 mallo
950 533 989 597 ad
1010 535 1219 617 praesentiam
1241 534 1366 597 comitis
1394 552 1428 597 se
1456 533 1646 612 adhramiat,
1672 539 1702 596 et
1730 535 1756 597 si
1783 552 1917 598 resnou

313 638 416 721 habet,
440 639 643 703 fideiussores
664 637 760 701 donet
786 637 939 719 quicum
967 635 1144 700 adhramire
1166 640 1198 699 et
1225 637 1259 699 in
1285 635 1437 719 placitum
1461 635 1576 699 adduci
1594 634 1718 698 faciant
1764 635 1806 700 Et
1827 635 1920 700 liceat

313 743 338 806 ei
357 742 459 825 prima
479 742 548 804 vice
569 759 626 824 per
653 745 887 804 sacramentum
914 758 948 802 se
977 738 1152 802 secundum
1182 738 1284 822 legem
1310 738 1466 818 idoniare,
1495 738 1522 801 si
1547 738 1692 821 potuerit.
1735 737 1778 801 At
1800 739 1827 801 si
1855 737 1918 802 alia

313 845 376 908 viee
397 844 461 907 duo
482 843 615 907 veltres
635 862 710 906 eum
733 841 875 905 defruto
896 842 1132 919 accusaverint,
1158 841 1250 904 liceat
1275 841 1305 904 ei
1332 849 1442 903 contra
1470 859 1573 904 unum
1601 858 1641 902 ex
1663 839 1712 902 his
1733 859 1807 903 cum
1828 848 1919 905 scuto

293 952 340 1010 oet
358 946 441 1010 fuste
460 947 494 1009 in
515 964 625 1028 campo
647 944 844 1008 contendere.
886 942 1006 1019 Quodsi
1034 962 1145 1007 servus
1174 943 1213 1007 de
1241 942 1324 1006 furto
1349 946 1517 1005 accusatus
1542 940 1652 1021 fucrit,
1678 940 1827 1005 dominus
1850 944 1921 1007 eius

312 1067 362 1133 pro
391 1067 430 1111 eo
456 1046 603 1111 emendet
630 1052 686 1109 aut
714 1065 789 1110 eum
817 1053 1013 1109 sacramento
1043 1051 1189 1125 excuset,
1224 1045 1287 1108 nisi
1318 1044 1379 1107 tale
1412 1043 1534 1107 furtum
1562 1049 1775 1125 perpetratum
1800 1043 1921 1126 habeat,

311 1157 433 1234 propter
454 1149 539 1233 quod
560 1148 599 1212 ad
621 1148 814 1232 supplicium
835 1147 916 1211 madi
938 1146 1056 1211 debeat

406 1254 455 1318 28.
496 1249 544 1315 De
565 1250 714 1334 despectu
734 1251 911 1314 litterarum
933 1249 1173 1312 dominicarum.
1217 1247 1250 1319 Si
1279 1250 1352 1332 quis
1380 1249 1500 1313 litteras
1526 1254 1651 1313 nostras
1677 1250 1861 1334 dispexerit,
1890 1250 1921 1314 id

312 1363 354 1419 est
371 1355 552 1418 tractoriam
574 1371 657 1436 quae
679 1357 806 1436 propter
826 1353 942 1415 missos
961 1350 1157 1434 recipiendos
1176 1351 1339 1434 dirigitur,
1361 1358 1417 1415 aut
1436 1352 1571 1414 honores
1583 1371 1664 1434 quos
1685 1351 1779 1416 habet
1799 1354 1922 1417 amittat

281 1458 416 1520 nautia
437 1475 474 1520 eo
496 1455 563 1519 loco
584 1454 641 1517 ubi
662 1453 837 1537 praedictos
859 1453 973 1517 missos
995 1454 1154 1536 suscipere
1175 1452 1285 1517 debuit
1314 1454 1436 1517 tamdiu
1464 1453 1600 1517 resideat
1621 1454 1711 1518 etde
1737 1455 1805 1517 suis
1826 1454 1923 1519 rebus

310 1558 479 1642 legationes
498 1556 576 1620 illuc
598 1557 761 1620 venientes
783 1556 950 1639 suscipiat,
974 1573 1143 1638 quousque
1153 1556 1259 1618 animo
1271 1564 1378 1618 nostro
1390 1554 1587 1620 satisfactum
1597 1554 1718 1618 habeat
1762 1555 1825 1632 Qui
1846 1576 1922 1622 vero

309 1659 470 1744 epistolam
491 1664 633 1722 nostram
658 1676 863 1741 quocumque
884 1656 977 1720 modo
989 1656 1173 1740 dispexerit,
1193 1658 1286 1720 iussu
1298 1664 1404 1721 nostro
1418 1657 1457 1721 ad
1479 1658 1629 1742 palatium
1653 1659 1759 1722 veniat
1781 1664 1812 1723 et
1832 1661 1924 1723 iuxta

309 1762 502 1825 voluntatem
525 1767 666 1824 nostram
684 1779 858 1841 congruam
887 1758 1037 1822 stultitiae
1063 1777 1139 1821 suae
1160 1759 1397 1842 castigationem
1420 1760 1560 1843 accipiat
1603 1758 1643 1822 Et
1672 1761 1699 1822 si
1726 1761 1820 1824 homo
1840 1761 1921 1825 liber

309 1863 357 1927 vel
378 1863 595 1926 ministerialis
617 1863 742 1925 comitis
756 1862 816 1924 lroc
835 1859 956 1938 fecerit,
978 1861 1144 1938 honorem,
1169 1861 1437 1944 qualemcumque
1457 1861 1617 1942 habuerit,
1642 1863 1709 1926 sivo
1731 1862 1921 1927 beneficium

278 1968 445 2043 1⁶amittat3
467 1970 498 2028 et
520 1966 546 2028 si
567 1983 680 2028 servus
700 1964 811 2042 luerit,
831 1963 939 2026 nudus
959 1962 998 2025 ad
1020 1962 1127 2045 palum
1149 1962 1277 2046 vapulet
1297 1969 1329 2026 et
1348 1970 1444 2047 caput
1463 1965 1531 2027 eius
1553 1964 1728 2028 tondeatur.

406 2071 454 2133 ab.
496 2064 543 2130 De
568 2067 697 2129 iniustis
723 2065 855 2128 teloneis
883 2071 915 2128 et
943 2064 1236 2127 consuetudinibus.
1284 2065 1327 2129 Ut
1355 2066 1410 2129 ubi
1438 2072 1579 2150 tempore
1608 2068 1658 2130 avi
1688 2069 1787 2131 nostri
1813 2068 1922 2131 domui

308 2168 432 2253 Pippini
453 2168 649 2232 consuetudo
668 2165 729 2229 fuit
750 2166 927 2229 teloneum²
955 2165 1042 2243 dare,
1071 2164 1116 2228 ibi
1137 2168 1220 2229 etin
1241 2165 1389 2230 futurum
1410 2167 1517 2231 detur:
1545 2189 1621 2231 nam
1649 2168 1703 2232 ubi
1727 2170 1850 2234 noviter
1872 2171 1919 2234 in·

307 2282 451 2358 coeptum
475 2279 537 2351 est,
559 2272 692 2336 ulterius
711 2290 775 2333 non
796 2278 915 2353 agatur.
956 2268 998 2330 Et
1021 2267 1074 2331 ubi
1098 2287 1226 2332 necesse
1242 2289 1306 2332 nou
1327 2279 1375 2332 est
1396 2268 1533 2333 iluvium
1555 2270 1694 2353 aliquem
1715 2291 1771 2354 per
1790 2279 1918 2354 pontem

307 2384 513 2455 transmeare,
535 2375 585 2439 vel
608 2373 663 2437 ubi
684 2374 775 2436 navis
796 2391 851 2455 per
871 2370 1008 2434 mediam
1034 2390 1150 2453 aquam
1172 2378 1228 2434 aut
1244 2371 1358 2435 subtus
1380 2378 1508 2455 pontem
1530 2373 1601 2436 ierit
1622 2382 1653 2436 et
1673 2373 1712 2436 ad
1732 2375 1834 2456 ripam
1854 2394 1918 2437 non

275 2479 605 2563 vadpropinquaverit
617 2494 723 2558 neque
743 2473 861 2537 ibidem
882 2472 1002 2555 aliquid
1019 2479 1161 2555 emptum
1173 2473 1222 2537 vel
1236 2474 1454 2537 venundatum
1476 2474 1584 2554 luerit,
1603 2475 1738 2539 ulterius
1758 2476 1918 2540 teloneum

308 2601 373 2645 non
395 2582 500 2658 detur,
528 2587 560 2643 et
579 2598 673 2642 nemo
701 2583 792 2660 cogat
814 2576 913 2639 alium
935 2575 973 2638 ad
995 2580 1124 2658 pontem
1146 2576 1206 2654 ire,
1236 2575 1291 2639 ubi
1316 2577 1409 2639 iuxta
1436 2582 1565 2659 pontem
1587 2596 1705 2660 aquam
1727 2585 1920 2642 transmeare

307 2690 415 2767 potest.
457 2682 499 2746 Et
520 2683 576 2764 qui
599 2680 731 2744 ulterius
751 2680 785 2740 in
806 2677 922 2741 talibus
942 2677 1019 2740 locis
1041 2676 1093 2740 vel
1120 2676 1159 2740 de
1182 2679 1228 2740 eis
1256 2679 1312 2761 qui
1333 2678 1372 2741 ad
1394 2678 1547 2761 palatium
1569 2697 1626 2742 seu
1649 2681 1684 2741 in
1706 2679 1827 2745 hostem
1849 2700 1919 2764 per-

307 2789 399 2865 gunt,
419 2780 599 2845 teloneumb
621 2781 829 2860 exactaverit,
850 2800 924 2843 cum
946 2799 1005 2843 sua
1026 2779 1094 2862 lege
1115 2780 1221 2863 ipsum
1242 2780 1402 2844 teloneum
1421 2780 1531 2843 reddat
1550 2787 1582 2844 et
1602 2780 1744 2844 bannum
1766 2789 1921 2863 nostrum,

307 2885 339 2947 id
361 2889 409 2948 est
429 2884 594 2965 sexaginta
615 2883 746 2959 solidos,
767 2890 932 2966 conponat

272 3003 297 3043 aa
407 2988 455 3052 30.
495 2984 544 3048 De
565 2986 614 3049 his
636 2987 690 3068 qui
713 2985 816 3048 bonos
837 2985 983 3048 denarios
1002 2986 1142 3068 accipere
1163 2984 1285 3048 nolunt
1329 2983 1532 3066 Quicumque
1548 2982 1627 3047 liber
1637 2985 1731 3048 homo
1753 2985 1919 3050 denarium

308 3108 432 3152 merum
453 3093 485 3151 et
504 3087 585 3151 bene
607 3093 792 3169 pensantem
817 3086 1116 3169 recipercnoluerit,
1136 3086 1282 3150 bannum
1300 3091 1462 3164 nostrum,
1484 3086 1585 3150 idest
1606 3088 1771 3169 sexaginta
1794 3088 1922 3171 solidos,

307 3194 472 3273 conponat.
514 3188 547 3252 Si
569 3208 643 3252 vero
665 3190 749 3252 servi
771 3188 973 3252 ecclesiastici
990 3195 1046 3252 aut
1063 3190 1217 3252 comitum
1228 3195 1284 3253 aut
1305 3188 1514 3252 vassallorum
1536 3193 1717 3252 nostrorum
1739 3190 1799 3253 hoc
1819 3190 1922 3255 facere

307 3293 594 3375 praesumpserint,
616 3291 781 3373 sexaginta
802 3289 918 3353 ictibus
940 3290 1105 3373 vapulent,
1132 3297 1202 3369 aut,
1230 3292 1256 3354 si
1278 3291 1428 3373 magister
1449 3308 1560 3354 eorum
1582 3290 1631 3353 vel
1653 3291 1838 3373 advocatae,
1865 3295 1921 3376 qui

307 3393 387 3457 liber
407 3401 455 3457 est
475 3412 529 3457 eos
551 3392 601 3456 vel
623 3393 731 3455 comiti
754 3392 803 3455 vel
833 3392 930 3454 misso
952 3396 1059 3454 nostro
1087 3392 1196 3455 iussus
1221 3400 1421 3474 praesentare
1448 3391 1599 3470 noluerit,
1626 3393 1821 3475 praedictum
1844 3394 1920 3459 ban·

269 3515 387 3559 aonrrm
407 3497 573 3579 sexaginta
593 3494 710 3558 solidos
733 3499 898 3577 conponat

407 3600 455 3663 31.
495 3596 544 3661 De
565 3596 831 3660 adulteratoribus
852 3602 1004 3659 monetae.
1048 3594 1114 3658 Dec
1134 3594 1214 3658 falsa
1223 3603 1350 3659 moneta
1367 3597 1530 3677 iubemus,
1551 3604 1588 3661 ut
1609 3599 1666 3682 qui
1686 3609 1773 3662 eame
1793 3618 1921 3681 percus·

308 3702 386 3765 sisso
407 3700 619 3784 conprobatus
641 3699 750 3779 luerit,
770 3719 886 3762 manus
910 3700 938 3762 ei
962 3704 1152 3781 amputetur.
1194 3695 1235 3760 Et
1256 3699 1312 3781 qui
1329 3698 1388 3761 hoc
1399 3701 1576 3780 consensit,
1598 3703 1625 3764 si
1647 3699 1727 3764 liber
1746 3707 1808 3780 est,
1829 3720 1921 3765 sexa·

306 3804 395 3887 ginta
417 3802 534 3866 solidos
555 3809 726 3885 conponat3
749 3802 776 3865 si
796 3820 909 3865 servus
930 3806 991 3881 est,
1012 3801 1178 3883 sexaginta
1197 3800 1281 3863 ictus
1302 3802 1442 3884 accipiat

407 3906 454 3970 32.
496 3903 545 3967 De
565 3905 691 3988 proprio
714 3903 872 3967 dominico
895 3905 964 3967 sine
985 3904 1125 3967 iussione
1145 3902 1233 3965 illius
1254 3901 1384 3966 reddito.
1432 3902 1465 3967 Si
1487 3904 1561 3986 quis
1581 3905 1744 3988 proprium
1766 3910 1921 3985 nostrum,

268 4027 296 4069 as
308 4007 394 4091 quod
414 4008 448 4070 in
470 4008 623 4070 vestitura
643 4007 796 4087 genitoris
818 4007 917 4069 nostri
939 4005 1016 4083 fuit,
1043 4005 1137 4068 alicui
1160 4005 1325 4086 quaerenti
1348 4005 1417 4068 sinc
1447 4013 1553 4069 nostra
1580 4008 1720 4070 iussione
1741 4007 1922 4087 reddiderit,

307 4108 394 4172 aliud
413 4115 537 4172 tantum
559 4107 652 4171 nobis
674 4107 712 4171 de
733 4127 792 4171 suo
814 4108 938 4190 proprio
957 4126 1031 4169 cum
1043 4126 1102 4170 sua
1122 4106 1192 4189 lege
1204 4114 1368 4189 conponat
1409 4105 1451 4170 Et
1470 4109 1666 4191 quicumque
1685 4108 1765 4172 illud
1786 4110 1922 4173 scienter

307 4230 363 4295 per
391 4210 512 4274 malum
541 4211 705 4293 ingenium
734 4209 901 4293 adquirere
928 4209 1140 4292 temptaverit,
1165 4227 1221 4291 pro
1250 4208 1369 4272 infideli
1397 4214 1557 4288 teneatur,
1584 4211 1660 4292 quia
1686 4216 1919 4274 sacramentum

306 4311 466 4376 fidelitatis
488 4311 572 4395 quod
594 4311 686 4375 nobis
706 4313 851 4395 promisit
880 4313 1005 4375 irritum
1026 4310 1116 4390 lecit,
1142 4316 1172 4374 et
1195 4310 1267 4373 ideo
1294 4310 1471 4374 secundum
1499 4317 1638 4375 nostram
1668 4312 1862 4376 voluntatem
1890 4319 1922 4376 et

307 4422 493 4498 potestatem
512 4413 735 4477 diiudicandus
756 4422 810 4477 est

268 4539 296 4578 ro
409 4520 456 4580 33.
496 4512 544 4578 De
564 4517 672 4599 pueris
693 4517 803 4578 invitis
825 4515 1011 4599 parentibus
1032 4516 1171 4579 detonsis
1192 4522 1248 4578 aut
1272 4515 1386 4598 puellis
1407 4515 1526 4579 velatis
1567 4515 1599 4580 Si
1622 4517 1695 4600 quis
1714 4536 1851 4600 puerum
1872 4519 1920 4581 iu·

308 4620 382 4682 vitis
404 4616 588 4701 parentibus
609 4618 778 4681 totonderit
803 4625 860 4681 aut
880 4617 1018 4702 puellam
1045 4617 1213 4697 velaverit,
1237 4618 1339 4701 legem
1366 4637 1458 4682 suam
1485 4619 1518 4680 in
1548 4618 1639 4702 triplo
1667 4628 1839 4703 conponat,
1864 4628 1921 4685 aut

308 4722 369 4804 ipsi
388 4739 486 4803 puero
508 4719 558 4782 vel
580 4718 715 4802 puellae,
737 4721 764 4783 si
786 4721 850 4783 iam
863 4739 940 4784 suae
950 4720 1113 4803 potestatis
1123 4728 1213 4798 sunt,
1234 4724 1291 4784 aut
1310 4719 1357 4782 illi
1374 4720 1407 4782 in
1429 4719 1599 4784 cuiuslibet
1620 4727 1771 4803 potestate
1791 4721 1918 4787 fuerint.

307 4822 358 4886 Illi
379 4841 454 4886 vero
465 4827 651 4904 potestatem
662 4820 798 4885 habeant
809 4823 919 4905 capitis
935 4823 1002 4902 sui,
1023 4823 1105 4885 utin
1115 4821 1170 4884 tali
1183 4819 1294 4885 habitu
1308 4828 1513 4904 permaneant
1523 4821 1627 4905 qualis
1640 4824 1686 4886 eis
1696 4823 1918 4906 conplacuerit

409 4926 456 4988 34.
499 4921 547 4986 De
568 4922 722 5005 forcapiis.
763 4922 797 4987 Si
819 4925 978 5005 mancipia
1005 4923 1150 4987 dominos
1178 4943 1253 4987 suos
1278 4923 1419 5007 fugerint
1442 4925 1476 4986 in
1495 4923 1631 4987 alienam
1657 4931 1855 5008 potestatem,
1884 4933 1921 4990 ut

268 5048 297 5088 rs
308 5037 434 5111 propter
454 5025 513 5088 hoe
533 5024 660 5087 nullum
689 5027 865 5107 praemium
893 5026 1026 5108 accipiat
1046 5025 1114 5105 ille,
1140 5027 1172 5088 in
1201 5027 1295 5089 cuius
1321 5032 1472 5109 potestate
1497 5024 1616 5089 luerint
1644 5027 1774 5090 inventa
1800 5047 1857 5111 pro
1882 5048 1919 5093 eo

309 5129 395 5213 quod
415 5147 452 5191 ea
474 5127 525 5190 vel
545 5126 717 5190 reddiderit
735 5126 785 5190 vel
807 5128 890 5190 foras
912 5128 1054 5205 eiecerit;
1082 5132 1114 5190 et
1141 5146 1205 5189 non
1230 5127 1333 5190 solum
1356 5128 1431 5207 boc,
1458 5127 1513 5192 scd
1538 5128 1632 5191 etiam
1659 5129 1686 5191 si
1713 5147 1750 5192 ea
1771 5148 1829 5194 nec
1848 5129 1918 5194 red·

309 5231 382 5295 dere
402 5248 461 5293 nec
481 5228 565 5291 foras
592 5228 692 5292 eicere
720 5229 856 5292 voluerit
882 5234 913 5291 et
939 5228 1079 5312 legitimo
1106 5227 1233 5291 domino
1261 5248 1298 5291 ea
1324 5229 1551 5293 contradixerit
1576 5235 1608 5294 et
1635 5229 1690 5293 illa
1709 5231 1784 5294 inde
1810 5240 1919 5315 postea

309 5333 490 5416 effugerint,
511 5330 688 5394 secundum
712 5331 814 5414 legem
836 5349 873 5394 ea
894 5330 1015 5393 solvere
1036 5334 1176 5411 cogatur.

409 5576 437 5647 a)
457 5577 763 5648 zolmpraeerdncod.
779 5574 952 5629 Sellatrtcd
1003 5573 1034 5643 b)
1055 5571 1266 5645 laritmpraaer.
1280 5575 1425 5627 tamdem.
1477 5568 1504 5646 c)
1525 5573 1700 5646 Quicumque
1712 5574 1812 5632 salsam
1825 5595 1919 5633 mone·

270 5672 299 5716 so
308 5664 365 5713 tam
380 5659 460 5712 codd
472 5658 629 5729 eornplum.
