4380 6248
268 374 325 437 128
783 376 924 431 KAROLI
948 376 1072 432 MAGNI
1093 376 1363 435 carmennum.

266 566 298 622 ct
329 556 576 635 illudquieum,
609 558 691 620 sicut
724 557 884 640 qnondam
917 558 1056 622 divisum
1094 565 1141 623 cst
1174 560 1256 623 inter
1285 578 1345 623 nos
1373 566 1405 623 et
1434 559 1562 623 fratrem
1595 568 1739 623 nostrum
1765 556 1871 623 Kario-

268 679 438 740 nmnnum,
459 680 495 723 eo
518 659 611 722 modo
634 659 834 744 utl'ippinns
854 660 940 723 illam
962 663 1136 745 portionem
1158 660 1270 725 habeat
1289 680 1387 745 quam
1406 660 1502 725 frater
1523 666 1630 725 noster
1639 658 1873 725 Karlcmannus

267 762 391 839 babuit,
413 761 625 825 Hlnduwicns
647 780 721 825 sero
744 762 827 825 illam
851 770 969 845 partem
992 764 1124 847 accipiat
1145 783 1241 846 quam
1264 783 1323 827 nos
1343 764 1377 827 in
1398 762 1450 826 illa
1471 763 1615 847 portione
1634 764 1843 847 suscepimus

368 864 399 925 Si
426 884 499 927 vero
520 861 636 925 Karolo
658 873 688 927 et
706 862 898 927 Hlnduwieo
919 864 1101 928 virentibus
1120 864 1277 949 Pippinns
1300 863 1443 929 debitum
1464 864 1603 929 humane
1628 866 1723 929 sortis
1743 864 1876 949 comple·

269 967 362 1045 verit,
387 964 521 1027 Karalus
532 970 563 1027 et
573 963 784 1029 Hludnn‘icus
806 965 949 1029 dividant
971 967 1054 1030 inter
1074 986 1108 1031 se
1129 986 1264 1050 regnum
1286 966 1371 1050 qnod
1391 965 1444 1030 ille
1464 962 1592 1046 habuit,
1613 972 1644 1031 et
1665 966 1744 1031 baec
1765 966 1876 1030 dirisin
1903 984 1915 1022 a

268 1069 318 1131 tali
341 1067 433 1130 modo
455 1068 524 1143 liat,
545 1074 581 1130 ut
600 1066 639 1129 ab
661 1069 807 1150 ingressu
821 1067 929 1132 Italiae
950 1088 1007 1152 per
1025 1069 1206 1152 Augustam
1228 1070 1387 1133 civitatem
1408 1068 1540 1152 accipiat
1553 1066 1692 1133 Karolus
1703 1066 1878 1135 Ebcreiam.

269 1169 443 1247 Vercellas,
468 1168 593 1251 Papiam
617 1176 647 1232 et
668 1169 741 1232 inde
761 1189 817 1252 per
830 1168 972 1233 Padum(l
993 1170 1129 1234 fluvium
1149 1161 1285 1235 termino
1306 1177 1451 1235 currente
1472 1170 1634 1252 usquead
1655 1168 1738 1233 fines
1757 1168 1878 1254 Regen-

268 1274 352 1335 sinm
373 1278 402 1335 et
427 1273 527 1353 ipsam
548 1270 679 1353 Regiam
706 1276 736 1335 ot
759 1270 924 1335 Civitatem
945 1271 1069 1335 Novam
1097 1280 1193 1355 atquo
1220 1271 1392 1336 Mutinam¹
1419 1291 1523 1355 usqne
1545 1272 1584 1335 ad
1604 1273 1759 1337 terminos
1780 1274 1877 1335 saneti

271 1375 360 1439 l‘otri.
403 1372 469 1435 lias
490 1373 632 1435 civicus
655 1392 729 1435 enirm
750 1372 943 1436 suburbanis
964 1381 995 1437 et
1016 1376 1180 1438 territoriis
1201 1376 1268 1438 suis
1289 1381 1385 1458 atque
1405 1373 1606 1439 comitatibus
1627 1393 1710 1459 qnae
1731 1374 1771 1438 ad
1796 1376 1878 1458 ipsas

267 1478 424 1560 pertinent
446 1483 476 1537 et
498 1474 649 1557 quicquid
674 1474 747 1538 inde
762 1474 894 1538 Romam
916 1477 1056 1559 pergenti
1079 1476 1117 1539 ad
1138 1476 1262 1540 laevam
1282 1478 1421 1560 respicit,
1444 1476 1483 1540 dc
1502 1496 1599 1561 regno
1621 1477 1708 1561 quod
1724 1476 1879 1562 Pippinus
1896 1502 1920 1541 u

268 1579 390 1643 babuit.
414 1598 476 1640 nna
498 1596 571 1639 enm
594 1577 709 1639 dinutn
733 1576 913 1660 Spoletano,
936 1578 1017 1641 hanc
1038 1580 1213 1661 portionem
1236 1580 1319 1643 sicut
1338 1580 1554 1663 praediximus
1574 1580 1709 1663 accipiat
1727 1576 1877 1645 Karalus:

268 1680 420 1766 quiequid
442 1686 548 1742 autom
570 1700 588 1741 a
609 1678 776 1762 praedictis
798 1679 980 1743 civitatibus
1007 1680 1057 1743 vel
1077 1681 1279 1745 comitatibus
1299 1680 1432 1744 Romam
1459 1682 1548 1745 eunti
1575 1680 1615 1744 ad
1635 1680 1781 1745 dextram
1802 1682 1879 1743 iacet

269 1784 308 1846 de
329 1782 485 1865 praedicto
507 1800 618 1863 regno,
643 1781 675 1843 id
703 1788 749 1844 est
778 1783 953 1864 portionem
982 1800 1064 1866 quae
1090 1783 1243 1845 remansit
1270 1783 1309 1846 de
1329 1783 1457 1867 regione
1476 1781 1699 1867 Transpadana
1721 1802 1787 1847 nna
1806 1801 1877 1845 cum

270 1885 387 1949 ‹linatu
405 1883 564 1947 Tnseano⁸
591 1903 693 1966 usqne
720 1883 759 1946 ad
782 1903 869 1947 mare
890 1884 1026 1947 australe
1046 1890 1078 1947 et
1104 1903 1207 1966 nsque
1235 1884 1274 1947 ad
1295 1884 1512 1963 Provinciam,
1537 1882 1721 1949 Ludoricus
1741 1884 1782 1948 ad
1804 1904 1878 1967 aug·

270 1996 413 2050 mentum
436 1987 485 2048 sni
507 1986 594 2067 regni
617 1987 774 2048 sortiatur.
1479 1981 1486 1993 ’
1895 2014 1916 2053 ¹,

371 2087 660 2164 circumcurrens
687 2087 910 2170 superstitibus
931 2086 1144 2151 Hluduwicns
1171 2089 1265 2153 fucrit
1293 2088 1474 2161 defunctus,
1498 2108 1567 2153 eam
1590 2094 1710 2173 partem
1732 2088 1878 2173 Burgun-

272 2193 342 2255 diac
363 2211 458 2274 qnam
481 2210 577 2271 regno
599 2190 668 2252 eins
696 2190 903 2253 adiunximus
929 2209 1003 2252 cum
1027 2189 1194 2254 Provincia
1215 2197 1247 2254 et
1269 2190 1462 2273 Septimania
1488 2192 1557 2255 sire
1575 2190 1689 2253 Gothia
1717 2190 1877 2273 usquead

270 2292 459 2375 Hispaniam
481 2290 635 2374 Pippinns
660 2292 805 2374 accipiat,
828 2290 964 2355 Karalus
985 2312 1060 2355 vero
1079 2293 1286 2375 Aquitaniam
1308 2298 1403 2376 atque
1418 2291 1629 2356 Wasccniam.

368 2398 396 2459 ὁ.
439 2393 529 2469 (laed
551 2395 576 2456 si
599 2392 670 2456 bilis
692 2394 777 2456 tilius
800 2393 928 2457 cuilibet
949 2395 1082 2457 istorum
1103 2396 1201 2457 trium
1224 2395 1358 2457 fratrum
1380 2400 1475 2457 natus
1493 2394 1606 2473 fuerit,
1626 2412 1723 2478 quem
1744 2394 1879 2477 populus

270 2499 384 2581 eligere
406 2496 480 2559 velit
503 2505 537 2559 nt
557 2497 638 2579 patri
660 2515 718 2558 suo
741 2496 771 2558 in
795 2497 883 2578 regni
905 2495 1072 2559 hereditate
1101 2496 1261 2575 succedat,
1290 2495 1440 2559 volumus
1467 2503 1502 2559 ut
1526 2495 1585 2558 hoc
1609 2497 1916 2579 constantiamque

270 2603 349 2663 trni¹
371 2600 471 2683 ipsius
493 2599 597 2680 prieri¹
625 2607 655 2661 et
676 2618 807 2679 regnare
827 2599 1009 2681 permittant
1028 2596 1130 2661 lilium
1152 2598 1257 2661 fratris
1278 2599 1327 2661 sui
1349 2599 1382 2661 in
1402 2598 1546 2681 portione
1569 2598 1656 2681 regni
1678 2618 1777 2680 quam
1795 2610 1881 2681 pater

271 2703 354 2775 eius,
375 2703 469 2764 frater
490 2720 615 2777 eornm,
636 2699 753 2762 habuit.

371 2809 398 2867 ti.
445 2802 518 2865 Post
539 2802 619 2864 lirino
640 2810 763 2865 nostrae
776 2803 969 2865 aiictoritatis
983 2802 1221 2885 dispositionem
1237 2801 1354 2885 placuit
1371 2803 1454 2865 inter
1468 2801 1642 2885 praedictos
1654 2802 1736 2865 filios
1758 2811 1881 2865 nostms

272 2914 408 2968 statuere
429 2915 524 2995 atque
544 2905 738 2987 praecipere,
765 2911 891 2988 propter
917 2924 1026 2987 pacem
1048 2924 1143 2987 qnam
1163 2905 1247 2967 inter
1270 2923 1325 2967 eos
1350 2912 1499 2987 perpetuo
1520 2922 1704 2987 permanere
1724 2904 1881 2968 desidera-

272 3027 357 3073 mus.
389 3014 422 3069 nt
445 3005 552 3068 nullus
573 3026 682 3068 eornm
706 3007 811 3069 fratris
832 3008 881 3069 sui
905 3007 1055 3069 terminos
1082 3005 1130 3068 vel
1154 3006 1242 3088 regni
1269 3005 1384 3068 limites
1406 3004 1554 3068 invadere
1573 3014 1755 3087 praesumat
1776 3024 1881 3089 neque
1897 3032 1922 3071 a

271 3107 486 3171 fratululenter
507 3107 627 3190 ingredi
649 3108 689 3169 ud
710 3107 965 3170 conturbandum
988 3127 1120 3190 regnum]
1143 3108 1213 3169 citis
1234 3103 1283 3169 vel
1304 3126 1426 3169 marcas
1447 3105 1650 3181 minuendae,
1675 3106 1731 3171 sed
1752 3107 1881 3171 adiuret

273 3210 496 3292 unnsquisque
523 3208 648 3271 illorum
676 3210 803 3271 fratrem
828 3230 925 3272 suurn
950 3216 979 3272 et
1007 3209 1167 3272 auxilium
1192 3208 1238 3270 illi
1264 3208 1342 3271 ferat
1369 3216 1479 3271 contra
1506 3208 1652 3271 inimicos
1673 3209 1764 3273 eiusu
1791 3212 1881 3275 iuxta

271 3313 423 3375 rationem
445 3321 476 3374 ot
496 3310 752 3393 possibilitatem,
772 3312 839 3373 sire
860 3311 960 3374 infrav
980 3313 1111 3395 patriam
1134 3312 1201 3374 sive
1221 3315 1330 3373 contra
1350 3315 1474 3373 exteras
1495 3311 1646 3373 nationes.

372 3414 399 3476 i.
420 3411 532 3495 Neque
553 3411 669 3494 aliquis
693 3412 816 3475 illorum
841 3413 1000 3475 lionrinem
1021 3413 1125 3476 fratris
1146 3414 1198 3475 sni
1219 3431 1275 3495 pro
1296 3411 1491 3494 quibuslibet
1510 3413 1616 3476 causis
1636 3413 1704 3476 sive
1723 3412 1828 3498 culpis
1844 3414 1882 3477 ad

272 3536 306 3579 sc
327 3515 558 3597 eoniugientcm
582 3515 757 3596 suscipiatw
781 3533 837 3577 nce
860 3515 1114 3577 intercessionem
1138 3514 1267 3596 quidem
1288 3534 1344 3597 pro
1358 3532 1395 3576 eo
1409 3514 1536 3596 faciat',
1557 3514 1653 3597 quia¹
1674 3514 1827 3579 volumus
1848 3524 1884 3579 ut
1900 3540 1927 3579 a

271 3616 404 3700 quilibet
433 3615 526 3678 lnnno
554 3636 687 3698 qiu-rans
711 3624 742 3679 et
766 3618 991 3680 intercessione
1016 3616 1161 3699 indigens
1189 3618 1270 3679 intra
1296 3634 1431 3700 regnum
1458 3615 1577 3679 domini
1605 3617 1656 3680 sni
1684 3616 1735 3679 rel
1755 3616 1796 3681 ad
1816 3616 1882 3681 brea

271 3726 380 3782 sumta
403 3718 450 3781 vel
472 3717 510 3781 ad
533 3718 699 3781 honoratos
722 3719 865 3782 immines
886 3718 1047 3801 confugiat
1067 3724 1098 3781 et
1119 3718 1193 3782 inde
1211 3720 1327 3782 iustam
1348 3720 1607 3783 intercessionem
1627 3724 1797 3783 mereatur.

371 3828 399 3882 s,
443 3819 592 3883 Similiter
620 3822 825 3903 precipimus,
863 3828 897 3883 nt
924 3821 1096 3903 quemlibet
1124 3820 1258 3884 liberum
1291 3821 1466 3897 hominem,
1500 3820 1556 3903 qni
1588 3820 1756 3885 dominum
1785 3842 1882 3885 suum

271 3930 380 3985 enrrtra
403 3922 593 3985 nilinrtatcrn
616 3923 685 3985 eins
706 3923 858 3986 dimiserit
881 3923 971 3987 etde
994 3943 1057 3985 nno
1079 3942 1175 4007 regno
1204 3923 1235 3984 in
1262 3921 1348 3985 aliud
1369 3922 1528 4005 profectus
1549 3922 1660 4000 fuerit,
1688 3942 1795 4007 neque
1816 3925 1883 4009 ipsc

273 4045 325 4087 rex
350 4026 500 4106 suscipiat
520 4044 623 4106 neque
646 4025 829 4088 lnnninibns
851 4026 918 4088 suis
939 4026 1129 4104 consentiat,
1155 4032 1193 4088 nt
1214 4023 1307 4088 talem
1334 4025 1494 4087 hominem
1520 4025 1672 4109 recipiant
1692 4024 1743 4089 rel
1763 4026 1883 4091 iniuste
1900 4050 1927 4089 as

272 4128 405 4191 retinere
426 4137 654 4208 qantosnmanu.

371 4234 399 4291 tt.
443 4226 639 4310 tltrapropter
666 4230 902 4312 preripiendum
930 4229 1021 4292 nobis
1048 4229 1189 4297 videtur.
1218 4236 1254 4291 nt
1278 4234 1348 4311 post
1377 4236 1522 4291 nostrum
1551 4246 1590 4291 ex
1613 4228 1671 4292 bac
1692 4230 1883 4296 mortalitate

271 4332 445 4394 dissessum
470 4330 612 4391 lnnnines
635 4331 889 4415 uniuscuiusque
915 4351 1024 4394 corum
1047 4331 1203 4413 succipiunt
1228 4329 1380 4394 beneficia
1407 4330 1631 4413 unusquisque
1652 4331 1686 4394 in
1708 4350 1807 4417 regno
1828 4333 1883 4397 do·

274 4435 351 4497 mini
373 4432 422 4495 sui
443 4441 473 4495 et
494 4452 556 4493 non
581 4433 611 4493 in
635 4431 780 4509 alterins,
807 4452 847 4497 no
863 4433 942 4495 forte
963 4452 1018 4517 per
1039 4433 1114 4512 lure,
1140 4434 1167 4495 si
1189 4433 1278 4495 aliter
1296 4432 1406 4505 fuerit,
1435 4432 1621 4495 scandalum
1641 4432 1763 4517 aliquid
1782 4438 1883 4521 possit

272 4533 420 4599 inu-idere.
466 4532 676 4596 Hereditatem
698 4541 803 4596 antem
826 4554 916 4596 sitam
929 4533 1040 4597 habeat
1051 4535 1273 4618 unumquisque
1287 4534 1413 4597 illorum
1434 4534 1600 4597 hominum
1616 4533 1738 4619 absque
1757 4548 1884 4602 contra·
1900 4558 1927 4595 n·

273 4637 423 4701 dictione.
446 4637 477 4698 in
500 4655 693 4719 ‹prirennque
716 4655 810 4715 return
832 4636 890 4699 hnc
911 4656 985 4699 enm
1007 4636 1145 4719 legitime
1167 4634 1281 4699 habere
1301 4637 1472 4719 contigerit

376 4742 419 4801 111.
467 4736 503 4800 Et
525 4738 748 4820 unusquisqne
771 4737 849 4801 liber
869 4739 961 4802 bomo
983 4746 1052 4822 qrost
1074 4744 1205 4801 mortem
1223 4738 1344 4801 donnini
1365 4738 1415 4801 sui
1438 4738 1594 4802 licentiam
1608 4739 1721 4805 habeat
1741 4760 1776 4807 se
1796 4762 1882 4807 com·

275 4840 442 4905 rnendmnli
467 4842 547 4903 inter
569 4839 644 4902 liner
664 4840 722 4902 tria
751 4860 844 4921 uuna
869 4840 908 4903 ad
932 4860 1157 4923 quemcunque
1181 4841 1330 4917 voluerim
1360 4840 1505 4903 similiter
1530 4849 1561 4905 et
1586 4840 1639 4905 ille
1659 4845 1715 4926 qui
1738 4844 1881 4909 nondum

273 4943 365 5007 alieni
388 4942 626 5004 ‹nnrnnunlatns
649 4950 703 5004 est.

377 5046 422 5107 ll.
468 5040 513 5104 lle
544 5042 766 5106 tnulitinnibns
800 5051 905 5107 irritem
940 5054 1035 5128 atque
1065 5043 1301 5109 venditionibus
1333 5065 1396 5128 qne
1431 5045 1514 5109 inter
1546 5054 1650 5129 partes
1681 5044 1751 5110 fieri
1779 5047 1923 5113 sonata

374 5316 403 5369 q,¹
426 5298 527 5351 linitum
537 5300 561 5349 a.
651 5317 663 5352 r
696 5300 758 5351 Irim·
774 5300 837 5351 ae'mle
848 5300 944 5353 iterum
957 5301 1057 5353 imaum
1070 5303 1099 5353 ia
1111 5302 1198 5355 endu
1215 5319 1298 5372 iraque
1311 5304 1352 5354 nd
1363 5302 1480 5355 analium
1495 5320 1556 5374 cup.
1565 5302 1596 5371 l,
1608 5302 1686 5371 sclao
1699 5322 1756 5357 uae
1768 5305 1881 5359 rm.

273 5380 292 5429 a'
320 5378 497 5433 tumulannil.
578 5386 598 5431 t·
621 5379 709 5449 quatrui
723 5378 799 5433 atriti.
887 5380 912 5434 n'
938 5399 1002 5434 arins
1010 5381 1035 5434 3.
1127 5382 1154 5451 ν’]
1176 5382 1308 5437 eorrtra3.
1403 5382 1438 5447 w]-
1459 5382 1880 5441 stratineatadinterceaaionem

273 5478 324 5529 pm
338 5457 574 5513 tarint-irrumare.
657 5476 677 5527 x·
704 5460 767 5511 inde
781 5478 799 5509 n
812 5460 953 5513 laniendo
965 5462 1059 5514 rimata
1071 5460 1192 5533 paerpitff.
1272 5460 1303 5532 y)
1325 5462 1386 5515 Hoc
1401 5462 1559 5518 nouaclum
1573 5462 1880 5525 deliberiauedetlnm

272 5540 309 5592 de
321 5539 406 5593 serris
419 5536 544 5609 finitivis
556 5538 702 5593 statuimus
716 5538 926 5599 obmrrandum.
939 5548 969 5595 nt
981 5542 1057 5597 nrdla
1071 5541 1215 5597 discordiis
1228 5542 1401 5614 relinquatur
1410 5542 1521 5597 occasio
1534 5544 1603 5597 udd-
1609 5542 1671 5598 ΒΑ.
