4418 6226
877 385 1021 440 KAROLI
1043 386 1079 439 M.
1101 383 1368 442 CAPlTlTLARlA
1867 383 1926 447 259

325 567 502 630 secundum
525 566 694 646 hebreum,
718 572 825 629 tamen
847 565 959 629 habeat
980 565 1172 629 latinitatem.
1212 565 1259 629 ‘Si
1280 584 1332 629 me
1348 564 1436 629 Deus
1456 565 1596 645 adiuvet,
1617 567 1669 630 ille
1689 564 1777 630 Deus
1798 568 1853 650 qui
1875 567 1927 630 de·

321 669 366 732 dit
390 669 492 752 legem
513 667 618 749 Moysi
644 669 677 730 in
705 672 813 730 monte
833 665 949 748 Syriai,
975 674 1006 730 et
1033 668 1060 729 si
1087 667 1173 751 lepra
1193 667 1335 731 Neaman
1356 666 1417 731 Sin‘
1443 687 1538 751 super
1558 687 1609 732 me
1632 687 1695 731 non
1716 670 1822 732 veniat
1846 670 1928 733 sicut

326 790 425 853 super
446 770 536 833 illum
559 769 676 847 venite
697 770 793 832 etsie
815 776 896 832 terra
917 788 968 831 me
989 788 1052 832 non
1073 768 1225 852 deglutiat
1245 770 1327 833 sieut
1348 769 1513 852 deglutivit
1527 768 1651 833 Dathan
1672 777 1703 833 et
1714 769 1835 833 Abiron
1845 771 1868 849 ⁴,
1889 771 1927 834 de

322 874 381 936 ista
402 892 497 936 causa
519 878 627 935 eontra
648 879 678 935 te
700 871 819 934 malum
840 890 904 933 non
925 872 1028 934 merui
1039 869 1055 932 ’.

288 1205 302 1244 s
420 1183 449 1246 5.
495 1180 714 1244 loramentum
734 1180 920 1244 Iudeornm:
949 1180 1087 1244 ‘Adiuro
1116 1187 1146 1243 te
1173 1200 1228 1264 per
1248 1179 1351 1244 Deum
1380 1183 1489 1244 vivum
1517 1189 1548 1246 et
1574 1201 1700 1261 verum,
1726 1183 1814 1245 etin
1840 1182 1925 1245 illam

323 1283 423 1366 legem
447 1290 588 1345 sanctam
611 1303 707 1366 qnam
727 1280 885 1345 Dominus
908 1282 993 1346 dedit
1014 1282 1052 1345 ad
1074 1280 1201 1345 beatum
1222 1281 1345 1346 Moisen
1365 1284 1399 1345 in
1420 1290 1526 1347 monte
1547 1283 1650 1361 Sinai,
1678 1292 1708 1347 et
1727 1302 1783 1367 per
1803 1284 1926 1346 Adonai

322 1391 482 1457 sanetum,
510 1390 540 1448 et
560 1404 616 1468 per
636 1389 762 1467 pactum
785 1383 892 1447 Abrae
913 1383 996 1467 quod
1018 1383 1106 1447 Deus
1135 1383 1220 1447 dedit
1241 1383 1298 1446 filii
1319 1383 1430 1463 lsrael,
1456 1392 1487 1448 et
1513 1386 1539 1448 si
1568 1406 1631 1447 non
1659 1385 1764 1468 lepral’
1785 1384 1925 1448 Naaman

322 1488 412 1549 Sinoh
437 1486 610 1549 circumdet
631 1505 745 1568 eorpus
768 1486 891 1563 meus³‚
917 1492 948 1549 et
974 1487 1000 1549 si
1023 1506 1086 1549 non
1107 1505 1158 1549 me
1178 1486 1251 1548 vivo
1273 1485 1430 1568 degluciat
1456 1493 1538 1550 terra
1559 1488 1641 1550 siout
1660 1489 1733 1551 feeit
1752 1485 1877 1550 Datlran
1898 1496 1928 1550 et

326 1587 441 1651 Abilon
454 1589 479 1666 ⁴,
500 1593 531 1652 et
550 1607 606 1671 por
626 1607 735 1650 areum
757 1587 907 1651 foederist
930 1589 984 1670 qui
1006 1587 1045 1650 de
1065 1588 1139 1650 celis
1160 1588 1284 1671 aparuit
1304 1588 1343 1650 ad
1364 1587 1445 1651 filios
1468 1588 1623 1668 hominis,
1645 1595 1675 1652 et
1695 1590 1800 1673 ipsum
1823 1588 1927 1651 locum

278 1714 304 1752 ιο
323 1697 468 1754 sanetum
490 1690 545 1753 ubi
567 1695 696 1753 sanetus
717 1687 839 1753 Moisen
861 1691 945 1753 stetit
972 1695 1002 1753 et
1029 1689 1116 1752 illam
1142 1698 1287 1752 sanetum
1316 1710 1412 1772 qnam
1439 1689 1549 1754 beatus
1570 1690 1691 1754 lloisen
1713 1690 1756 1753 ibi
1780 1691 1928 1774 haccepit,

323 1793 362 1856 de
383 1793 439 1855 hae
460 1812 556 1855 rausa
576 1791 740 1874 culpabilis
762 1811 825 1854 non
847 1792 944 1855 sum’.

427 2106 452 2168 o.
494 2102 541 2164 ga
563 2103 695 2167 decretis
718 2102 826 2166 Karoli
855 2102 1076 2186 imperatorisd.
1117 2102 1150 2164 Si
1171 2101 1290 2166 ludens
1315 2112 1425 2166 eontra
1448 2102 1583 2165 Iudeum
1608 2102 1736 2185 aliquod
1762 2104 1927 2186 negocium

327 2205 486 2280 habuerit,
507 2224 563 2288 per
584 2205 683 2288 legem
706 2224 797 2268 suam
819 2224 852 2268 se
872 2204 1025 2267 defendat.
1068 2204 1102 2267 Si
1117 2222 1192 2267 voro
1217 2210 1324 2266 contra
1342 2202 1570 2283 Christianum,
1592 2203 1801 2276 Christianus,
1829 2207 1856 2268 si
1875 2224 1929 2268 ne·

324 2326 410 2370 cesse
430 2307 542 2385 fuerit,
572 2327 646 2370 oum
675 2306 797 2370 idoneis
817 2305 951 2369 testibus
973 2324 1069 2388 super
1089 2312 1269 2369 sanctorum
1295 2307 1426 2389 pignora
1446 2326 1501 2390 per
1526 2315 1758 2370 sacramentum
1780 2313 1836 2371 aut
1855 2326 1928 2370 eum

279 2410 405 2472 inferro
426 2410 525 2493 ignito
547 2428 581 2472 se
602 2409 736 2472 exoniot.
784 2407 881 2471 ludeo
903 2426 977 2471 vero
990 2407 1128 2470 circulus
1149 2426 1188 2470 ex
1211 2407 1291 2471 mbo
1312 2409 1345 2470 in
1367 2409 1446 2471 collo
1467 2410 1648 2492 imponatur
1669 2414 1700 2472 et
1713 2410 1808 2473 stanti
1825 2428 1929 2493 genua

325 2512 512 2574 vinciantur
533 2513 627 2593 eique
649 2512 737 2592 virga
758 2530 797 2573 ex
820 2509 899 2572 mbo
923 2510 1066 2592 quinque
1086 2508 1205 2572 habens
1226 2509 1349 2573 cubitos
1372 2511 1534 2574 manuales
1546 2510 1644 2574 bene‘*
1665 2510 1832 2589 aouleaw,
1853 2511 1929 2574 dum

326 2615 515 2676 sacramenti
536 2612 632 2675 finem
653 2612 773 2680 feeerit,
794 2612 878 2674 inter
897 2631 993 2674 coxas
1007 2612 1157 2674 acerrime
1171 2612 1382 2695 pertrahatur,
1402 2620 1434 2676 ot
1453 2612 1557 2676 taliter
1577 2632 1611 2676 se
1631 2614 1771 2691 exoniet
1792 2614 1818 2677 si
1831 2632 1929 2676 sanus

326 2717 469 2779 evaserit.
511 2712 603 2790 Quod
631 2715 658 2778 si
679 2713 801 2777 Iudeus
822 2713 949 2796 aliquod
975 2712 1165 2776 maleficium
1193 2718 1301 2776 eontra
1326 2714 1544 2777 christianam
1563 2715 1663 2797 legem
1694 2715 1764 2778 autf
1783 2713 1930 2778 Christia-

327 2837 404 2880 num
426 2818 565 2899 aliquem
585 2816 692 2880 fecerit
712 2822 744 2880 ot
764 2815 879 2879 exinde
900 2815 1064 2878 convictus
1085 2813 1195 2890 fuerit,
1226 2819 1280 2874 aut
1309 2811 1410 2876 culleo
1434 2812 1612 2894 parricidali
1639 2813 1825 2875 insuetur⁸⁵
1846 2814 1929 2876 etin

280 2937 306 2974 ao
327 2918 481 3000 profundo
500 2919 624 3001 gurgite
644 2919 814 3001 proiciatur
834 2924 889 2980 aut
911 2918 976 3000 igni
996 2915 1208 2981 comburatur.

427 3146 456 3205 bl
482 3148 589 3202 librana
602 3147 776 3202 amansiroe.
853 3147 880 3211 o]
902 3145 991 3200 fidelis
1004 3145 1256 3215 commeminit
1269 3145 1433 3198 auerumenti
1439 3144 1581 3213 jmanalue
1594 3151 1690 3196 auctor
1700 3144 1739 3195 ad
1754 3141 1848 3196 Genea.
1858 3144 1930 3208 {alti

326 3228 354 3294 d)
374 3227 449 3283 Ε...
464 3227 529 3298 imp.
544 3246 597 3280 mu.
610 3228 667 3281 Vnt.
729 3227 755 3295 e)
777 3227 886 3282 aculeis
899 3227 1056 3298 plenaeod.
1070 3226 1160 3279 Moab.
1221 3224 1352 3293 fichol.
1365 3225 1555 3279 semblent.
1614 3222 1644 3294 g)
1665 3223 1796 3277 induatur
1807 3223 1896 3277 Meet.

425 3453 454 3519 3>
476 3453 581 3522 Regum
593 3453 634 3519 ΙΙ,
648 3470 672 3506 e.
681 3452 706 3506 5.
788 3451 818 3519 4)
840 3452 955 3505 Il'nmeri
964 3469 988 3504 c.
999 3452 1042 3504 lli.
1123 3451 1152 3519 5)
1176 3451 1236 3519 er.
1253 3450 1311 3504 Cio.
1321 3468 1374 3521 pro
1387 3451 1488 3504 Roscio
1500 3450 1591 3504 Aliter.
1605 3468 1627 3504 e.
1638 3450 1671 3502 11
1689 3459 1714 3503 et
1723 3449 1768 3503 25.
