4380 6248
484 363 769 420 ADDITAMENTA
791 364 845 418 Al)
866 362 1091 420 HLlJDOWlCI
1116 365 1168 418 Pll
1190 366 1239 420 ET
1261 365 1475 421 lllaO'l'llARll
1498 365 1771 428 CAPITULARIA.
1876 367 1938 432 339

314 551 396 604 nutu
419 547 592 622 nostroque
605 539 710 602 studio
723 540 964 623 inaquisgrani
981 539 1097 622 palatio
1150 547 1257 618 ventu,
1303 560 1399 625 quern
1440 540 1508 605 Deo
1544 551 1704 608 annuente
1736 545 1935 629 aquisgrani

315 660 416 725 nuper
437 641 657 724 adgregatum,
684 642 718 703 in
745 661 808 724 quo
837 640 939 704 multa
966 641 1006 704 ob
1026 660 1097 725 pro·
1148 642 1263 724 palatio
1293 646 1549 727 aggregavimus,
1587 645 1640 708 ubi
1679 646 1778 709 multa
1805 647 1933 713 favento

315 743 490 827 pagamlam
519 742 760 806 ecclesiasticam
790 743 988 824 dignitatem,
1009 763 1097 827 prae·
1149 743 1273 808 Clnisto
1302 745 1530 825 ecclesiastice,
1564 748 1661 810 immo
1691 748 1840 812 catholice
1864 757 1934 814 acta

314 847 443 909 cedente
465 851 497 908 et
519 844 732 926 subsequente
756 847 856 927 gratia
875 844 1005 925 Christi,
1027 845 1096 907 dili·
1149 856 1239 924 sunt,
1261 849 1467 911 meminimus
1476 850 1670 932 promisisse,
1691 852 1838 914 misimus
1858 858 1934 916 tuae

288 955 423 1032 agenter
441 953 572 1011 tractata
599 955 695 1030 atque
716 948 861 1011 instituta
888 955 980 1026 sunt,
1007 955 1096 1011 tuam
1148 948 1347 1012 venerandae
1367 952 1547 1032 paternitati
1577 969 1633 1033 per
1653 960 1833 1034 praesentes
1857 954 1933 1017 mis·

315 1048 667 1114 nullatenuscredimus
680 1048 776 1111 latere
787 1050 993 1113 sanctitatem.
1035 1047 1097 1112 Sed
1148 1068 1200 1112 scs
1223 1057 1364 1129 nostros,
1386 1050 1630 1116 Ermenfredum
1644 1052 1790 1117 videlicet
1804 1060 1836 1118 et
1845 1053 1934 1138 Hav-

314 1155 389 1236 quia
417 1153 562 1236 contigit,
598 1149 699 1214 eidem
725 1158 834 1213 sancto
862 1157 894 1214 et
922 1150 1096 1215 venerabili
1149 1170 1289 1230 monem,
1323 1152 1493 1217 formulam
1521 1156 1691 1216 canonicae
1717 1156 1934 1238 institutionis,

313 1254 445 1317 concilio
465 1259 554 1317 tuam
576 1271 640 1315 non
665 1252 846 1315 interfuisse
867 1255 1096 1335 paternitatem,
1148 1273 1245 1336 quam
1266 1253 1350 1317 idem
1384 1270 1472 1314 sacer
1492 1263 1668 1320 conventus
1688 1276 1728 1320 ex
1750 1266 1933 1324 sanctorum

313 1355 352 1418 ad
373 1360 461 1418 tuam
475 1354 632 1418 destinare
643 1353 841 1418 decrevimus
858 1353 1098 1435 beatitudinem,
1147 1362 1273 1438 patrum
1296 1357 1430 1438 sparsim
1451 1355 1582 1439 digestis
1604 1359 1769 1422 sententiis
1787 1359 1934 1444 colligere

274 1475 368 1542 raper
398 1461 595 1540 praesentem
631 1457 766 1519 missum
792 1463 937 1520 nostrum
967 1459 1096 1520 nomine
1147 1464 1243 1540 atque
1270 1459 1301 1519 in
1332 1477 1433 1521 unum
1458 1476 1628 1540 congerere
1654 1459 1791 1523 studuit:
1824 1481 1934 1544 quam,

312 1559 563 1638 Adalhelmum,⁶
594 1557 763 1622 formulam
790 1559 979 1622 canonicaed
1006 1560 1095 1622 insti-
1147 1561 1223 1644 quia
1244 1559 1334 1624 vobis
1356 1559 1586 1624 transcribendi
1613 1563 1761 1644 angustia
1781 1565 1934 1646 temporis

312 1664 444 1727 tutionis
463 1660 625 1725 abeodem
644 1680 733 1724 sacro
744 1667 904 1724 conventu
918 1678 960 1724 ex
972 1666 1095 1723 sancto
1146 1661 1329 1725 facultatem
1352 1662 1532 1745 denegavit,
1553 1662 1649 1726 studii
1664 1666 1763 1727 nostri
1779 1664 1841 1729 fuit
1861 1683 1932 1730 eam

311 1786 384 1830 rum
415 1772 541 1848 patrum
584 1765 718 1847 sparsim
759 1763 889 1847 digestis
931 1763 1095 1826 sententiis
1147 1764 1312 1847 diligenter
1331 1764 1498 1828 manscribi
1520 1763 1644 1844 iubere,
1668 1773 1703 1828 ut
1723 1765 1845 1849 absque
1866 1766 1934 1831 ulla

311 1869 472 1932 collectam
486 1873 582 1950 atque
595 1868 629 1930 in
642 1885 746 1929 unum
758 1871 948 1948 congestam.
991 1862 1095 1940 Quam
1147 1866 1371 1946 depravatione
1395 1872 1450 1930 aut
1475 1866 1713 1932 detruncatione
1733 1874 1841 1933 textus
1862 1870 1933 1933 eius

273 1971 405 2034 raetiam
426 1967 543 2032 idcirco
564 1986 662 2053 penes
682 1968 834 2052 palatium
856 1972 1002 2031 nostrum
1024 1966 1096 2030 dili·
1147 1967 1186 2031 ad
1200 1987 1257 2032 vos
1269 1987 1372 2051 usque
1384 1968 1555 2032 incolumis
1566 1968 1764 2051 perterretur.
1794 1969 1933 2035 Pminde

310 2078 421 2156 genter
444 2069 540 2135 scribi
565 2071 714 2145 fecimus,
735 2076 785 2147 nt,
807 2068 928 2132 nihilin
958 2087 992 2132 se
1019 2070 1096 2132 scri·
1146 2069 1203 2133 has
1223 2068 1343 2133 litteras
1364 2069 1402 2132 ad
1425 2074 1512 2133 tuam
1535 2070 1712 2134 direximus
1723 2073 1932 2155 sanctitatem,

311 2181 437 2258 ptorum
452 2174 528 2236 vitio
539 2172 772 2256 depravationis
783 2170 1095 2234 autdetruncationis
1146 2189 1203 2254 per
1227 2191 1308 2255 quas
1320 2171 1470 2235 iubemus
1491 2177 1542 2251 ut,
1564 2192 1686 2236 memor
1705 2173 1933 2238 admonitionis

311 2274 446 2348 habens,
471 2276 510 2339 ad
531 2281 563 2339 te
586 2293 687 2357 usqne
708 2273 874 2337 incolomis
895 2271 1094 2355 perferretur.
1146 2280 1287 2354 nostrae,
1318 2273 1534 2357 suffraganeos
1564 2280 1638 2337 tuae
1663 2274 1841 2339 dioeceseos
1862 2275 1930 2339 loco

311 2375 508 2461 Quapropter
533 2377 684 2442 volumus
713 2381 809 2459 atque
830 2374 1031 2438 decernimus
1051 2381 1096 2451 ut,
1145 2383 1177 2441 et
1208 2385 1348 2459 tempore
1385 2377 1576 2460 competenti
1612 2377 1651 2440 ad
1694 2382 1725 2440 te
1757 2395 1933 2441 convocare

271 2482 401 2544 minata
435 2479 694 2563 metropolitanae
735 2476 819 2541 sedis
853 2475 912 2539 tibi
943 2477 1094 2540 canonice
1146 2477 1274 2542 studeas
1300 2484 1332 2541 et
1358 2477 1492 2542 eandem
1520 2479 1753 2543 institutionem
1781 2497 1838 2562 per
1864 2480 1931 2543 sin·

310 2580 466 2644 conlatam
488 2581 672 2665 dignitatem
689 2587 879 2662 nostraeque
900 2579 1094 2643 auctoritatis
1144 2581 1220 2664 gula
1239 2579 1377 2663 capitula
1397 2599 1504 2643 coram
1524 2580 1742 2644 ecclesiasticis
1762 2579 1931 2644 ordinibus

310 2684 521 2760 sanctionem,
563 2682 722 2746 dioceseos
759 2688 833 2745 tuae
867 2682 1030 2765 episcopos
1063 2687 1095 2744 et
1146 2682 1282 2766 praelegi
1302 2681 1399 2745 facias
1419 2687 1464 2759 et,
1491 2682 1626 2764 qualiter
1653 2701 1723 2746 eam
1744 2701 1833 2746 sacer
1854 2701 1931 2746 con·

309 2790 448 2849 <aemma
469 2784 621 2848 ecclesiae
639 2783 793 2864 praelatos
813 2790 953 2868 tempore
974 2789 1006 2847 et
1025 2782 1093 2847 loco
1144 2792 1262 2849 ventus
1297 2783 1337 2847 ob
1369 2786 1623 2848 emolumentum
1659 2785 1840 2848 animarum
1880 2785 1930 2848 in-

309 2887 496 2970 congruenti
532 2885 571 2949 ad
602 2891 633 2949 te
666 2887 816 2950 arcersire
850 2886 947 2950 facias
981 2892 1013 2949 et
1043 2885 1094 2948 bis
1145 2894 1268 2951 struere
1281 2885 1449 2950 salubriter
1457 2887 1628 2964 curaverit,
1646 2893 1788 2970 patenter
1796 2886 1929 2951 edoceam

270 3007 415 3054 iscoram
436 2986 630 3072 capitulatim
657 2995 861 3052 memoratam
885 2989 1094 3052 institutionis
1144 2995 1176 3053 et
1196 2989 1246 3053 bis
1268 2990 1323 3073 qui
1345 2990 1515 3052 canonicae
1533 2988 1737 3072 professionis
1757 2994 1931 3052 censentur

309 3090 477 3154 formulam
499 3089 635 3174 praelegi
656 3089 768 3154 iubeas
789 3098 835 3170 et,
863 3090 948 3173 quod
976 3089 1016 3153 ob
1037 3109 1093 3154 ex·
1145 3093 1275 3155 nomine
1297 3090 1474 3154 secundum
1497 3091 1711 3154 ministerium
1733 3090 1790 3153 tibi
1812 3091 1929 3154 divini·

309 3191 471 3255 altandum
501 3191 703 3256 ecelesiastici
743 3192 893 3256 culminis
929 3192 1092 3274 fastigium
1144 3200 1197 3257 tus
1226 3193 1377 3256 collatum
1404 3199 1435 3255 et
1461 3198 1587 3255 nostrae
1619 3192 1815 3255 auctoritatis
1840 3211 1929 3276 prae-

309 3301 341 3359 et
360 3296 540 3358 annuarum
562 3294 697 3357 salutem
718 3293 801 3358 idem
815 3290 903 3357 sacci
916 3300 1092 3357 conventus
1144 3301 1271 3380 ceptum
1312 3313 1419 3357 coram
1455 3295 1637 3357 memoratis
1672 3294 1779 3357 missis
1810 3295 1929 3358 nocuis

309 3415 379 3460 eam
405 3396 549 3471 ediderit,
586 3395 707 3480 liquido
736 3396 945 3475 demonstres,
978 3395 1034 3459 sed
1062 3403 1093 3459 et
1143 3395 1373 3460 observandam
1409 3397 1603 3478 percenseas
1664 3395 1785 3459 Eorum
1819 3404 1926 3460 autem

269 3498 358 3562 sabis
385 3500 502 3583 quiin
532 3517 598 3563 uno
624 3498 755 3582 collegio
785 3499 937 3562 canonice
972 3497 1093 3581 degunt
1145 3500 1201 3581 qui
1232 3496 1378 3561 tardioris
1412 3503 1488 3560 sunt
1522 3497 1641 3580 ingenii
1673 3502 1705 3560 et
1741 3517 1810 3561 earn
1847 3498 1928 3562 torte

307 3601 477 3664 tenendam
487 3599 783 3684 observandamque
793 3619 899 3663 coram
918 3605 1091 3663 memorato
1143 3599 1235 3684 plene
1261 3597 1436 3681 intelligere
1464 3604 1630 3681 nequeunt
1658 3606 1714 3663 tuo
1749 3601 1816 3664 sive
1841 3619 1927 3664 com·

308 3704 405 3766 misso
432 3709 539 3766 nostro
567 3715 777 3786 percenseas⁰
831 3703 875 3764 At
901 3703 929 3765 si
955 3700 1091 3764 alicuius
1142 3700 1385 3786 pmvincialium
1419 3704 1548 3764 tuorum
1581 3702 1801 3786 episcoporum
1842 3701 1927 3766 dono

308 3804 411 3869 turdis
434 3804 583 3869 obtunsio
612 3824 682 3868 eam
707 3803 883 3888 intelligere
903 3804 1092 3887 nequiverit,
1143 3804 1293 3866 scientiae
1312 3801 1500 3885 pollentium
1513 3803 1619 3866 studio
1632 3805 1703 3868 eius
1724 3805 1836 3868 notitia
1855 3823 1927 3869 sen·

308 3909 383 3972 huic
411 3909 479 3971 sive
508 3906 566 3971 abs
602 3915 632 3971 te
656 3908 724 3971 sive
751 3905 790 3969 ab
829 3906 900 3969 aliis
926 3905 1091 3989 episcopis,
1143 3903 1233 3969 sibus
1259 3903 1476 3987 perfundatur.
1524 3903 1608 3968 Nam
1643 3912 1674 3970 et
1699 3914 1785 3970 tuam
1812 3906 1927 3970 nibilo-

269 4007 618 4095 sscouprovincialibus
638 4008 756 4073 scilicet
769 4011 833 4073 tuis
848 4009 1008 4072 doctrinae
1029 4006 1090 4070 ful·
1143 4008 1251 4071 miuus
1271 4008 1436 4090 providam
1446 4006 1595 4071 volumus
1610 4027 1679 4072 esse
1688 4007 1928 4088 beatitudinem,

307 4132 382 4196 gom
403 4111 596 4190 nitentibus,
616 4110 880 4175 sobrietradatur.
922 4109 983 4175 Sed
1005 4112 1090 4174 etin
1143 4116 1179 4174 ut
1200 4128 1270 4174 eam
1294 4108 1400 4173 solerti
1426 4128 1503 4172 cura
1531 4111 1680 4194 praedicti
1710 4112 1800 4175 missi
1825 4112 1925 4174 nostri

308 4214 367 4277 hoc
395 4212 604 4277 nihilominus
630 4214 891 4297 circumspectam
924 4232 1092 4277 monemus
1143 4232 1269 4291 omnes,
1290 4218 1385 4296 pmut
1399 4211 1614 4275 insinuaveris
1626 4211 1834 4275 transcribere
1854 4210 1926 4276 abs·

308 4335 377 4379 esse
395 4322 485 4379 tuam
504 4315 723 4398 prudentiam,
750 4322 786 4378 ut
813 4313 852 4377 ab
875 4315 925 4378 his
946 4317 1002 4398 qui
1021 4334 1091 4379 eam
1144 4335 1207 4399 qne
1226 4313 1291 4379 ulla
1302 4314 1525 4397 depravatione
1544 4320 1575 4378 et
1588 4314 1825 4378 detruncatione
1836 4334 1926 4397 prae·

308 4418 543 4500 bansscripturi
578 4424 655 4481 sunt
686 4417 731 4480 ita
760 4415 1021 4495 transscribatur,
1056 4427 1092 4481 ut
1143 4423 1308 4495 moneant3
1364 4417 1532 4499 quoniam,
1578 4402 1715 4500 qualitor
1747 4416 1928 4500 ¹diligenter

268 4537 296 4576 m
309 4539 366 4583 nec
395 4519 565 4602 depravata
590 4520 667 4582 vitio
695 4520 855 4601 scriptoris
881 4537 940 4582 nec
963 4519 1091 4582 detrun-
1143 4518 1364 4599 studioseque,
1389 4516 1536 4581 distincte
1560 4526 1592 4583 et
1610 4526 1716 4602 aperte
1736 4517 1926 4605 transcriba-

308 4627 376 4685 cata
397 4619 437 4684 ab
458 4619 566 4703 aliquo
592 4618 662 4701 fiat,
688 4621 756 4697 sed,
785 4622 868 4684 sicut
894 4620 1091 4703 apraedicto
1143 4627 1211 4700 tur,
1236 4619 1306 4682 illos
1327 4621 1404 4683 satis
1432 4620 1637 4684 instituimus
1686 4619 1785 4684 Cuius
1811 4638 1927 4704 nempe

307 4725 405 4787 misso
426 4731 533 4787 nosne
554 4723 601 4786 eis
620 4722 871 4786 demonstratum
890 4721 1001 4801 fuerit,
1022 4721 1093 4786 abs·
1143 4721 1306 4806 exemplar
1325 4721 1442 4785 idcirco
1470 4723 1504 4784 in
1531 4724 1668 4786 armario
1693 4722 1800 4807 palatii
1825 4723 1926 4785 nosbi

308 4844 370 4908 que
395 4825 505 4907 aliqua
533 4824 755 4906 depravatione
784 4824 835 4887 vel
854 4824 1093 4888 detruncatione
1143 4823 1270 4888 recondi
1296 4823 1445 4903 fecimus,
1474 4830 1511 4887 ut
1535 4843 1591 4907 per
1617 4824 1677 4888 boc
1703 4842 1797 4888 nosse
1824 4829 1855 4887 et
1876 4824 1925 4885 in·

202 4980 222 4997 ,,
307 4926 561 4991 transscribatur.
615 4925 750 4990 Noveris
776 4927 884 5005 etiarn,
918 4927 995 5008 quia
1023 4925 1092 4988 ideo
1144 4927 1269 5007 quirere
1309 4943 1492 5009 possemus,
1541 4933 1692 4990 utmmne
1736 4923 1775 4988 ab
1816 4924 1924 5008 aliquo

270 5028 393 5092 millius
433 5028 616 5111 exemplum
649 5028 733 5112 apud
774 5030 947 5091 armarium
984 5028 1093 5111 palatii
1144 5026 1342 5111 negligenter
1382 5028 1571 5111 transcripta
1608 5027 1719 5105 fuerit3
1763 5029 1848 5110 quia,
1888 5035 1925 5090 ut

267 5164 270 5168 ·
307 5131 407 5194 nostri
428 5129 592 5193 detentum
614 5136 674 5209 est,
696 5134 731 5194 ut
752 5148 789 5192 eo
805 5127 931 5212 probari
952 5136 1094 5211 patenter
1143 5131 1371 5212 comperimus,
1393 5129 1469 5193 dum
1491 5130 1525 5192 in
1547 5129 1657 5193 eodem
1679 5146 1767 5191 sacro
1789 5128 1924 5192 coneilio

307 5233 421 5315 possit,
457 5233 530 5314 quis
556 5250 626 5294 eam
656 5231 816 5294 incuriose
843 5231 1093 5313 transscripserit
1142 5230 1370 5313 perlegeretur,
1414 5238 1585 5313 antequam
1619 5249 1725 5293 coram
1757 5228 1849 5293 nobis
1883 5228 1922 5292 ab

409 5566 436 5638 c)
458 5566 656 5623 Notbonem
673 5567 698 5623 2.
737 5567 813 5632 mla
828 5565 1922 5638 apastolaeddraonemdetn(eod.2)ubri1uedeinabtutionairfmnaliscm

272 5648 531 5719 saplwala'dica‘tar.
560 5647 617 5702 Sed
630 5649 684 5720 ipsi
695 5647 1549 5718 conenesdeimtitutiom‘asomuda,aoadesormuliadicunt.
1604 5648 1632 5710 el
1654 5646 1781 5702 conferas
1794 5646 1819 5702 1.
