4418 6226
904 369 1166 426 CAPITULARIA
1185 371 1349 428 trucior.
1872 373 1929 437 195

426 554 450 612 l.
474 549 546 633 Cap.
590 550 749 615 Volumus
759 553 870 635 igitur,
888 551 1108 635 preordinante
1118 550 1269 633 Domino,
1286 553 1453 616 aecclesias
1467 560 1591 618 nostras
1605 553 1781 618 secundum
1795 558 1929 621 auctori-

266 703 272 711 .
323 658 420 716 tatem
441 672 599 716 canonum
621 654 766 717 ordinare
787 661 818 718 et
837 654 978 717 ordinem
999 654 1184 717 clericorum
1206 653 1378 737 disponere.

423 757 451 819 2.
494 754 687 819 Monasteria
708 776 771 839 que
791 758 855 819 iam
876 755 997 839 pridem
1012 755 1169 838 regularia
1180 754 1324 834 fuerunt,
1345 761 1410 820 tam
1427 758 1567 821 virorum
1585 778 1746 841 quamque
1761 765 1791 822 et
1811 761 1930 842 puella·

325 877 397 921 rum
418 858 493 920 seu<l
515 876 577 940 qne
598 857 658 920 sub
679 864 786 921 nostro
806 858 976 941 regimine⁰
998 857 1136 920 dominio
1158 859 1217 921 site
1239 863 1329 934 sunt,
1359 858 1507 921 volumus
1534 866 1571 923 ut
1590 859 1767 924 secundum
1787 861 1929 945 regulam

290 960 531 1043 adisponantur
551 968 581 1023 et
602 962 719 1023 vivant.
768 960 810 1023 Et
835 962 861 1023 si
889 960 1017 1024 abbates
1043 959 1093 1024 rel
1121 959 1279 1024 abbatisse
1304 962 1372 1023 sine
1397 960 1506 1043 regula
1535 962 1643 1025 vivere
1670 981 1726 1025 seu
1755 963 1931 1026 inordinate

323 1063 445 1125 inventi
467 1062 515 1125 vel
536 1063 663 1126 invente
682 1062 813 1135 fuerint,
843 1064 870 1124 si
892 1063 1024 1145 correpti
1050 1062 1101 1126 vel
1127 1069 1267 1145 correpte
1288 1061 1456 1126 emendare
1483 1064 1658 1141 noluerint,
1684 1064 1874 1145 abiciantur,
1900 1072 1932 1129 et

323 1163 362 1227 de
393 1165 462 1248 ipse
495 1166 751 1248 congregatione,
785 1165 812 1228 si
841 1165 928 1246 digni
955 1165 1076 1227 inventi
1102 1165 1236 1232 fuerint.
1267 1163 1364 1227 abbas
1396 1165 1447 1228 rel
1473 1164 1647 1229 abbatissas
1676 1165 1847 1248 eligantur3
1880 1167 1929 1230 sin

323 1271 446 1344 autem,
467 1266 610 1330 aliunde:
633 1273 664 1330 et
685 1267 739 1329 def
759 1268 956 1330 monasteriis
977 1265 1153 1349 regalibust
1175 1265 1326 1329 similiter.

422 1372 451 1432 3.
494 1366 542 1431 De
563 1368 760 1432 senodochiis
782 1388 857 1431 voro
879 1367 992 1431 nobish
1012 1367 1244 1451 pertinentibus
1252 1369 1274 1445 ¹¹,
1296 1386 1358 1450 que
1378 1366 1460 1431 bene
1470 1368 1613 1432 ordinata
1624 1375 1700 1433 sunt
1719 1371 1753 1432 in
1773 1372 1841 1454 ipso
1863 1390 1932 1454 per-

277 1490 303 1528 ro
322 1475 485 1547 maneant3
517 1489 579 1552 que
605 1490 680 1533 vero
707 1471 865 1534 destructa
893 1477 969 1534 sunt
996 1469 1173 1533 secundum
1200 1470 1382 1552 qualitatem
1411 1475 1588 1553 temporum
1617 1471 1657 1534 ad
1684 1473 1787 1555 priore
1810 1472 1931 1536 cultum

324 1571 495 1655 perducere
515 1574 676 1655 cupimus,
700 1579 736 1635 ut
755 1572 799 1634 ibi
820 1591 974 1656 pauperes
994 1569 1123 1635 Domini
1143 1570 1338 1635 reficiantur:
1361 1577 1392 1636 et
1411 1591 1467 1655 per
1487 1573 1564 1636 tales
1579 1592 1730 1657 personas
1750 1573 1829 1637 fiant
1849 1575 1932 1638 ordi-

325 1678 397 1736 nata
419 1675 532 1757 quiea
553 1675 643 1737 iuxta
662 1671 767 1738 Deum
789 1680 900 1758 regant
920 1682 952 1738 et
971 1674 1010 1737 de
1029 1674 1263 1754 helemosynes¹
1285 1693 1459 1757 pauperum
1481 1675 1559 1737 nihil
1583 1674 1777 1740 subtrahant.

422 1780 450 1840 4.
492 1774 539 1839 Ile
558 1775 716 1840 aecclesiis
737 1775 997 1859 baptismalibush
1025 1778 1069 1839 ite
1089 1795 1269 1853 oensomuS,
1295 1780 1332 1838 ut
1353 1795 1409 1858 per
1434 1776 1633 1859 presbyteros
1654 1778 1795 1842 ordinate
1817 1780 1881 1842 sint
1901 1784 1933 1843 et

328 1878 417 1941 nulla
437 1878 586 1941 violentia
604 1884 659 1940 aut
679 1880 875 1962 superposita
902 1877 942 1940 ab
963 1879 1116 1961 episcopis
1142 1879 1209 1940 suis
1237 1877 1287 1940 vel
1314 1877 1557 1942 diminutionem
1586 1879 1625 1942 de
1646 1880 1746 1944 titulis
1766 1883 1932 1963 patiantur,

279 1998 305 2038 rs
328 1981 384 2045 sed
407 1981 583 2045 secundum
604 1982 789 2044 canonicam
809 1981 1039 2043 institutionem
1061 1986 1092 2042 et
1112 1980 1275 2062 antiquam
1296 1979 1559 2044 consuetudinem
1579 1981 1701 2044 faciant

422 2087 451 2149 5.
496 2081 652 2158 Quandok
685 2085 850 2166 episcopus
880 2103 937 2146 sua
964 2083 1127 2165 parrochia
1153 2083 1262 2160 circat,
1296 2100 1361 2143 non
1389 2081 1461 2165 plus
1486 2081 1525 2145 ab
1552 2101 1587 2146 ea
1615 2084 1721 2163 exigat
1740 2084 1790 2146 rel
1819 2086 1932 2168 capiat¹

326 2186 387 2249 nisi
410 2186 587 2250 secundum
608 2205 746 2248 canones
769 2185 818 2248 vol
841 2187 972 2267 antiqua
993 2183 1235 2262 consuetudine,
1262 2190 1293 2246 et
1319 2185 1552 2267 oppressionem
1574 2182 1640 2246 ab¹¹¹
1670 2185 1822 2268 episcopis
1849 2187 1932 2249 eius-

327 2287 487 2369 demquem
508 2287 691 2351 hominibus
712 2289 780 2370 ipsa
799 2286 888 2370 plebs
909 2305 972 2349 non
994 2287 1138 2369 patiatur.

424 2391 450 2454 6.
497 2388 541 2453 Ut
568 2395 631 2452 tam
662 2390 798 2473 episcopi
825 2407 985 2472 quamque
1013 2394 1044 2451 ct
1070 2387 1234 2471 presbiteri
1262 2407 1319 2450 seu
1346 2387 1468 2450 diaconi
1495 2388 1546 2451 vel
1575 2387 1703 2452 abbates
1730 2397 1762 2452 et
1787 2391 1932 2453 monachi

278 2513 305 2550 ro
329 2490 415 2554 nulla
435 2492 602 2555 venatione
623 2510 680 2575 per
700 2511 734 2555 se
754 2492 857 2554 facere
877 2496 1081 2574 praesumant
1101 2496 1157 2553 aut
1182 2488 1239 2552 ubi
1260 2490 1320 2572 ipsi
1339 2497 1501 2572 presentes
1521 2495 1612 2569 sunt,
1639 2508 1742 2573 neque
1766 2490 1831 2554 ulla
1851 2493 1933 2556 ioco·

328 2613 401 2657 rum
421 2613 538 2675 genera
559 2599 632 2657 ante
653 2613 686 2657 se
706 2593 775 2656 fieri
798 2594 979 2676 permittant
1000 2611 1062 2675 que
1083 2598 1191 2655 contra
1211 2610 1369 2654 canonum
1391 2592 1574 2654 auctoritate
1596 2592 1755 2655 eveniunt.

429 2696 456 2759 l.
497 2693 544 2759 De
566 2695 730 2778 stipendiis
752 2714 879 2778 quoque
902 2694 1086 2757 clericorum
1108 2694 1270 2772 volumus,
1296 2703 1332 2756 ut
1360 2698 1423 2756 tam
1443 2692 1481 2756 de
1501 2693 1626 2756 redditu
1647 2692 1697 2757 vel
1719 2693 1757 2757 de
1778 2693 1934 2760 oblatione

330 2796 470 2861 fidelium
492 2797 625 2880 pleniter
645 2797 820 2861 secundum
843 2816 979 2862 canones
1000 2798 1059 2879 ipsi
1080 2796 1185 2859 clerici
1205 2795 1348 2859 habeant.

425 2902 456 2966 8.
501 2899 542 2963 Ut
562 2901 712 2983 prepositi
734 2899 942 2963 cardinalium
964 2899 1184 2962 aecclesiarum
1214 2897 1394 2962 obedientes
1423 2898 1488 2961 sint
1507 2898 1661 2980 episeopis
1682 2898 1765 2976 suis,
1792 2903 1843 2961 et¹¹
1871 2899 1934 2981 epi-

278 3021 306 3060 er
326 3004 410 3086 scopi
432 3021 486 3067 eos
507 3008 545 3064 ad
568 3004 635 3065 suis
657 3002 833 3065 aecclesiis⁰
862 3001 930 3064 velt
951 3000 991 3064 eb
1013 3001 1082 3063 aliis
1102 3003 1194 3063 iustis
1217 2999 1424 3064 utilitatibusr
1446 2999 1603 3082 expellere
1627 2998 1709 3062 nonq
1731 3007 1935 3083 praesumant

327 3104 448 3187 absque
468 3104 562 3187 culpa
584 3111 614 3167 et
634 3106 718 3167 iusta
738 3106 909 3181 rationem,
930 3109 960 3166 et
981 3102 1069 3167 nulla
1089 3104 1135 3166 eis
1155 3121 1211 3185 per
1230 3102 1379 3165 adolentia
1401 3103 1579 3185 inponatur.

428 3209 456 3272 u.
499 3205 635 3289 Propter
655 3206 868 3269 ordinationes
888 3204 938 3268 vel
959 3206 1208 3268 consecrationes
1220 3203 1477 3287 presbyterorum
1488 3209 1728 3286 ceterorumque
1749 3204 1933 3268 clericorum

325 3307 414 3372 nulla
434 3327 492 3371 nos
512 3309 633 3391 premia
654 3308 766 3370 amodo
788 3312 973 3389 accepturos
995 3308 1224 3389 promittimus,
1245 3324 1349 3388 neque
1369 3304 1409 3368 ab
1430 3306 1506 3389 ipsis
1526 3323 1659 3388 nequeo
1680 3305 1863 3389 parentibus
1884 3306 1935 3370 rel

329 3411 440 3473 amicis
460 3428 586 3484 eorum,
608 3428 712 3492 nequo
732 3408 836 3492 palam
856 3427 960 3491 neque
981 3409 1109 3471 occulte.

280 3531 307 3572 aa
427 3513 473 3577 to.
513 3511 638 3574 Exenia
659 3530 733 3574 voro
755 3530 837 3594 quae
856 3510 1035 3573 aecclesiisr
1056 3511 1180 3572 noviter
1199 3510 1334 3593 inposita
1355 3516 1431 3572 sunt
1452 3510 1658 3593 amputanda,
1679 3517 1709 3573 et
1731 3529 1794 3572 non
1816 3511 1934 3574 maiora

328 3634 425 3696 quam
446 3614 641 3677 consuetudo
661 3613 763 3676 fuerat
784 3612 966 3696 accipienda
986 3612 1155 3674 censimus.

432 3718 474 3779 ll.
516 3713 564 3778 De
586 3715 718 3778 decimis
743 3734 817 3777 vero
839 3733 939 3797 quea
960 3712 1076 3796 populo
1097 3713 1130 3774 in
1143 3711 1288 3795 plebibus
1303 3713 1351 3776 vel
1366 3712 1605 3796 baptismalibus
1624 3713 1781 3776 aecclesiis
1799 3713 1934 3777 offerun-

329 3823 382 3879 tur
402 3817 491 3880 nulla
511 3817 626 3880 exinde
647 3835 719 3899 pars
740 3816 849 3878 maiori
872 3815 1038 3878 aecclesiae
1059 3814 1109 3877 vel
1129 3815 1274 3897 episcopo
1297 3815 1472 3878 inferatur&

429 4111 456 4181 d)
479 4110 585 4164 meatu
657 4108 683 4178 e)
706 4109 812 4162 deerrat.
882 4108 906 4176 f)
928 4108 1000 4161 etde
1016 4107 1109 4176 aaa&
1124 4109 1158 4162 do
1173 4107 1261 4160 om.3.
1329 4105 1359 4178 g)
1381 4107 1627 4178 regularibusl.2;
1647 4106 1670 4160 si
1686 4106 1710 4161 ci
1726 4107 1818 4176 placet
1832 4106 1934 4160 addss.

279 4212 307 4252 ae
326 4192 357 4261 h)
379 4193 489 4247 noviter
506 4190 680 4259 institutis23
700 4210 718 4242 a.
732 4189 822 4242 codd
841 4189 935 4241 abeant
949 4189 1030 4240 verba
1044 4205 1097 4258 que
1119 4187 1190 4242 bene
1208 4189 1264 4242 ord.
1277 4188 1336 4240 rell.
1349 4205 1433 4256 aeque
1447 4189 1486 4240 ad
1504 4188 1584 4240 aerbo
1604 4187 1648 4240 De
1662 4187 1746 4241 aeccl.
1765 4187 1892 4256 baptism.
1906 4187 1934 4239 ia

328 4273 415 4344 capite
428 4272 554 4342 aequanti.
645 4270 665 4341 i]
687 4269 826 4325 alimoniis
835 4269 861 4322 3.
952 4267 982 4336 k)
1006 4268 1186 4322 veroadd3.
1275 4268 1296 4338 l)
1317 4268 1469 4337 accipiat3.
1557 4266 1596 4332 m)
1618 4267 1653 4321 ab
1671 4267 1934 4321 omnibuseiusdem

328 4352 452 4425 episcopi
463 4352 488 4405 3.
564 4354 593 4418 u)
616 4369 706 4421 neque
717 4352 784 4403 add.
794 4351 819 4403 3.
895 4348 922 4418 ol
946 4348 1084 4401 (lamii.
1154 4348 1184 4420 p)
1204 4348 1304 4403 vel...
1320 4348 1379 4402 utit.
1394 4348 1476 4402 caud.
1537 4346 1567 4418 q)
1591 4347 1746 4401 nonense.
1808 4348 1833 4416 r)
1854 4347 1934 4401 uobis

328 4433 431 4487 adde.
511 4432 533 4501 s]
557 4430 772 4502 inponaturlfl.
