4418 6226
749 386 893 442 KAROLI
915 386 1041 443 llAGNI
1061 385 1330 443 CAP1TULAR1a
1782 388 1842 453 165

332 571 360 633 2.
402 567 493 643 erod
514 587 668 651 pauperes
691 587 724 631 se
744 568 916 631 reclamant
929 567 1102 651 expoliatos
1116 587 1185 631 esse
1200 567 1239 631 de
1253 587 1363 632 eorum
1384 571 1585 652 proprietate;
1608 578 1639 634 et
1650 571 1710 635 hoc
1722 591 1839 657 aequa-

233 670 304 733 liter
324 669 461 732 clamant
482 688 578 753 super
598 671 759 752 episcopos
780 676 811 733 et
833 668 961 733 abbates
988 675 1018 732 et
1039 688 1146 733 eorum
1170 671 1336 734 advocatos
1357 678 1389 735 et
1409 691 1504 755 super
1524 674 1654 737 comites
1675 681 1836 738 eteorum

233 772 437 836 centenarios.

331 875 360 938 3.
400 871 519 936 Dicunt
540 875 648 951 etiam,
669 873 754 956 quod
776 875 971 957 quicumque
989 875 1152 958 proprium
1170 895 1265 938 suum
1287 876 1447 959 episcopo,
1468 875 1572 939 abbati
1585 876 1636 940 vel
1657 879 1763 940 comiti
1784 885 1840 942 aut

201 994 214 1033 ὁ
231 979 329 1042 iudici
350 975 401 1038 rel
422 978 602 1040 centenario
624 977 697 1039 dare
719 977 870 1056 noluerit,
891 979 1071 1040 occasiones
1087 985 1246 1060 quaerunt
1260 978 1459 1061 superillum
1471 998 1656 1062 pauperem,
1677 980 1836 1062 quomodo

232 1099 306 1144 eum
328 1081 559 1165 condempnare
580 1081 702 1163 possint
729 1085 760 1142 et
786 1079 877 1142 illum
905 1098 1029 1161 semper
1055 1080 1089 1142 in
1117 1079 1240 1142 hostem
1268 1080 1384 1143 iaciant
1405 1082 1464 1160 irc,
1495 1081 1696 1164 usquedum
1718 1101 1838 1165 pauper

231 1182 333 1246 faetus
353 1183 463 1246 volens
485 1182 597 1244 nolens
620 1200 716 1245 suum
741 1182 903 1265 proprium
928 1181 1029 1244 tradat
1055 1188 1110 1244 aut
1130 1181 1263 1261 vendat,
1294 1183 1345 1244 alii
1371 1202 1446 1245 vero
1474 1185 1529 1266 qui
1548 1182 1697 1246 traditum
1719 1183 1837 1247 habent

232 1285 353 1368 absque
374 1284 471 1348 ullius
495 1282 716 1366 inquietudine
737 1283 823 1346 domi
843 1283 1003 1347 resideant
1013 1286 1032 1345 ¹.

332 1389 360 1450 4.
402 1385 491 1462 Quod
521 1387 657 1468 episcopi
685 1391 716 1448 et
740 1384 868 1448 abbates
897 1387 964 1449 sive
991 1387 1121 1449 comites
1152 1386 1315 1449 dimittunt
1341 1405 1450 1449 eorum
1483 1386 1597 1451 liberos
1625 1388 1769 1451 hominos
1796 1387 1836 1450 ad

189 1503 214 1541 ¹0
233 1509 336 1552 casam
359 1491 393 1551 in
413 1491 543 1552 nomine
565 1486 831 1563 ministerialium,
858 1488 1003 1551 similiter
1023 1494 1054 1551 et
1079 1487 1269 1551 abbatissae:
1297 1489 1328 1551 lri
1362 1494 1437 1552 suut
1461 1488 1638 1556 falconarii,
1661 1495 1838 1568 venatores,

232 1592 410 1671 telonearii,
430 1591 615 1675 praepositi,
637 1590 747 1652 decani
769 1596 800 1653 et
820 1590 872 1652 alii
893 1591 949 1672 qui
970 1592 1084 1653 missos
1105 1592 1261 1673 recipiunt
1282 1597 1443 1653 eteorum
1466 1591 1668 1675 sequentes2.

332 1694 361 1758 ὃ.
403 1691 523 1756 Dicunt
543 1693 637 1756 etiam
658 1691 724 1770 alii,
746 1692 831 1774 quod
852 1692 922 1756 illos
934 1693 1155 1775 pauperioresb
1176 1693 1393 1775 constringunt
1414 1701 1445 1755 et
1462 1695 1496 1755 in
1512 1693 1633 1756 hostem
1646 1694 1692 1756 ire
1713 1693 1840 1773 faciant,

233 1802 264 1858 et
283 1796 355 1858 illos
376 1797 431 1879 qui
452 1793 569 1858 habent
589 1794 673 1877 quod
695 1794 769 1857 dare
789 1795 912 1877 possint
931 1795 969 1856 ad
992 1795 1117 1877 propria
1138 1793 1310 1858 dimittunt.

333 1900 360 1963 o.
403 1896 522 1960 Dicunt
542 1898 602 1980 ipsi
623 1897 767 1974 comites,
789 1896 873 1978 quod
895 1896 948 1959 alii
969 1915 1080 1960 eorum
1101 1915 1254 1979 pagenses
1275 1916 1339 1959 non
1360 1895 1422 1959 illis
1443 1896 1591 1959 obediant
1610 1915 1670 1959 nec
1691 1896 1834 1960 bannum

189 2014 215 2052 1⁵
233 2000 340 2063 domni
361 2000 556 2083 imperaturis
578 1998 748 2082 adimplere
768 1998 893 2079 volunt,
914 1999 1053 2062 dicentes
1074 1998 1159 2081 quod
1180 2005 1289 2062 contra
1303 2000 1417 2061 missos
1438 1998 1546 2061 domni
1566 2000 1763 2082 imperatoris
1777 2019 1834 2083 pro

232 2100 405 2165 heribanno
427 2100 561 2165 debeant
581 2103 735 2164 rationem
757 2099 887 2163 reddere
908 2120 982 2163 nam
1003 2120 1068 2162 non
1088 2101 1397 2178 contracomiten133
1420 2101 1514 2164 etiam
1535 2101 1594 2163 etsi
1620 2119 1726 2163 comes
1742 2121 1833 2164 suam

232 2204 362 2267 domum
383 2204 428 2267 illi
449 2205 482 2266 in
503 2203 645 2267 bannum
657 2204 791 2281 miserit,
811 2202 933 2265 nullam
951 2203 1066 2266 exinde
1086 2202 1199 2266 habeat
1212 2204 1434 2282 reverentiam,
1456 2204 1518 2265 nisi
1540 2204 1635 2266 intret.
1656 2204 1690 2265 in
1707 2203 1837 2267 domum

233 2326 322 2369 suram
346 2312 377 2369 et
396 2306 490 2369 faciat
510 2324 731 2389 quaecumque
753 2306 780 2367 ei
803 2303 927 2368 libitum
949 2304 1077 2368 fuerit4¹

334 2409 359 2471 7.
401 2407 483 2471 Sunt
503 2410 596 2471 etiam
618 2407 669 2470 alii
690 2409 745 2490 qui
769 2407 885 2470 dicunt·
900 2426 935 2470 so
961 2426 1030 2470 esso
1056 2408 1199 2471 homines
1221 2407 1347 2492 Pippini
1369 2414 1402 2471 et
1427 2407 1595 2472 chluduici
1617 2413 1648 2471 et
1669 2414 1745 2471 tunc
1766 2426 1837 2490 pro-

187 2524 213 2561 20
232 2508 363 2573 fitentur
383 2529 417 2573 se
438 2511 484 2572 irc
505 2510 544 2572 ad
560 2511 723 2572 servitium
737 2509 939 2572 dominorum
955 2529 1099 2589 suornm,
1121 2509 1249 2593 quando
1270 2509 1324 2572 alii
1345 2528 1498 2593 pagenses
1518 2512 1551 2572 in
1573 2511 1747 2573 exercitum
1768 2528 1839 2592 per·

232 2631 305 2694 gere
326 2611 441 2675 debent
448 2612 471 2673 ⁵.

332 2716 360 2779 8.
401 2712 483 2777 Sunt
502 2714 616 2775 iterum
638 2713 742 2775 etalii
767 2714 822 2795 qui
844 2719 1008 2776 remanent
1028 2720 1059 2776 et
1080 2713 1206 2794 dicunt,
1233 2714 1320 2797 quod
1349 2715 1489 2777 seniores
1515 2733 1625 2777 eorum
1653 2714 1738 2776 domi
1759 2714 1835 2776 resi-

232 2815 327 2878 deant
347 2822 378 2878 et
398 2813 533 2878 debeant
552 2834 626 2877 omn
648 2833 758 2877 eorum
791 2814 969 2879 senioribus
995 2834 1136 2899 pergere,
1163 2815 1360 2899 ubicumque
1384 2817 1484 2879 iussio
1510 2815 1617 2879 domni
1638 2816 1837 2899 imperatoris

232 2916 334 2980 fuerit.
381 2916 447 2979 Alii
473 2935 547 2979 vero
576 2922 652 2979 sunt
679 2918 735 3000 qui
761 2915 830 2979 ideo
856 2936 890 2980 se
915 2917 1138 2980 commendant
1163 2917 1202 2980 ad
1229 2918 1353 3001 aliquos
1381 2920 1535 2999 seniores,
1563 2937 1643 3001 quos
1669 2919 1775 2980 sciunt
1799 2918 1833 2980 in

188 3033 214 3072 2⁵
232 3017 355 3081 hostem
377 3038 440 3081 non
461 3019 663 3102 profecturos.

332 3123 360 3186 9.
405 3119 496 3196 Quod
522 3141 617 3205 super
642 3122 748 3184 omnia
773 3122 877 3184 maius
904 3120 987 3184 fiunt
1012 3120 1248 3185 inoboedientes
1274 3124 1333 3206 ipsi
1361 3142 1513 3207 pagenses
1538 3124 1644 3186 comiti
1671 3127 1701 3185 et
1721 3122 1838 3184 missos

234 3222 450 3301 decurrentes,
471 3243 568 3306 quam
588 3229 680 3286 antea
700 3223 842 3287 luissent

336 3327 380 3388 10.
422 3322 471 3388 De
490 3325 552 3388 illis
572 3323 770 3404 hominibuS,
792 3326 846 3407 qui
868 3332 1015 3409 parentes
1036 3345 1161 3405 eorum,
1187 3332 1321 3391 matrem
1341 3332 1397 3390 aut
1416 3332 1615 3390 materteram
1636 3332 1692 3389 aut
1711 3331 1836 3409 patrua-

232 3427 294 3489 lem
315 3435 370 3489 aut
391 3426 564 3509 quemlibet
584 3426 623 3489 do
643 3446 701 3489 sua
720 3427 904 3510 genealogia
926 3427 1087 3505 occidunt,
1113 3435 1149 3491 ut
1175 3446 1231 3510 per
1255 3428 1326 3491 illos
1351 3448 1417 3491 nou
1437 3427 1514 3491 fiant
1534 3428 1712 3511 conquisiti.
1753 3426 1835 3490 Sunt

187 3543 215 3582 ³⁰
233 3535 263 3591 et
284 3528 336 3590 alii
364 3528 482 3611 quide
509 3530 577 3611 ipsa
602 3527 785 3611 genealogia
811 3548 876 3591 non
905 3526 1019 3591 debent
1044 3546 1112 3591 esse
1140 3528 1300 3609 inclinati,
1328 3535 1463 3593 attamen
1490 3530 1573 3593 fiunt
1596 3536 1722 3612 propter
1748 3528 1835 3590 illam

233 3631 429 3693 occasionem
451 3630 600 3693 inclinati.

333 3930 363 3989 bi
384 3949 520 4002 pauperes
528 3932 621 4002 primo
635 3929 751 3984 auertu2.

337 4226 364 4292 l)
388 4226 447 4296 (Σίν.
459 4229 539 4298 cupit.
555 4228 580 4279 T
578 4229 730 4281 deoclorn'w.
740 4226 805 4280 805.
816 4228 857 4294 II,
871 4228 946 4281 ala.
1016 4227 1045 4296 2)
1069 4226 1129 4296 Csr·
1142 4226 1352 4297 (londensem.
1361 4243 1485 4297 promae.
1494 4225 1560 4294 808,
1575 4225 1630 4280 c.4.
1691 4225 1721 4296 3)
1745 4224 1839 4296 Capit.

233 4324 329 4376 carrad.
345 4340 419 4394 coqu.
431 4327 500 4391 fiac,
519 4343 603 4395 stupra
619 4324 649 4378 C.
659 4324 705 4394 57,
720 4342 743 4377 c.
751 4324 783 4393 23
802 4325 902 4378 Korolr'
914 4324 1002 4396 Cupit.
1014 4326 1086 4378 mesa.
1100 4325 1169 4390 ian,
1183 4325 1259 4392 infra
1274 4323 1304 4377 C.
1315 4323 1362 4393 99,
1375 4342 1396 4377 c.
1406 4324 1449 4378 13.
1562 4322 1591 4390 4)
1615 4323 1703 4394 Capu.
1716 4324 1751 4377 de
1758 4332 1838 4394 port.

187 4429 214 4470 8⁶
234 4420 343 4488 Scaeam,
356 4440 440 4492 supro
454 4422 541 4492 026,
554 4422 630 4476 aaz.
713 4422 742 4487 ὁ)
766 4420 826 4490 Osi.
844 4423 925 4492 cupit.
945 4425 979 4475 cle
996 4440 1079 4477 erere.
1094 4439 1217 4494 prornov.
1233 4421 1299 4491 808,
1318 4440 1342 4475 c.
1356 4422 1381 4476 9.
