4380 6248
265 393 327 457 376
730 394 1016 451 ADDITAMENTA
1037 394 1093 450 AD
1112 392 1343 452 HLUDOWIOI
1363 394 1418 450 PII

366 574 413 638 30.
454 569 507 635 De
529 572 698 654 negotiis
718 578 753 634 et
774 569 1172 634 laborationibusdie
1188 570 1390 634 dominico
1413 567 1718 633 nonfaciendis
1750 566 1880 633 Constat

266 677 483 740 enimomnes
504 675 634 736 omnino
655 671 837 753 observare,
860 678 897 736 ut
917 672 967 735 die
989 673 1148 736 dominico
1166 672 1270 736 nullas
1290 672 1429 736 audeant
1440 672 1637 753 operationes
1658 671 1883 735 mercationes·

267 793 329 859 que
350 796 498 861 peragere
520 780 642 859 praeter
664 776 699 837 in
720 773 846 838 cibariis
866 773 961 838 rebus
982 793 1038 858 pro
1058 773 1260 854 iterantibus,
1283 775 1328 838 ita
1348 779 1385 836 ut
1406 772 1506 838 libere
1520 775 1644 856 possint
1664 792 1701 837 ac
1723 772 1828 837 debite
1848 775 1883 836 in

267 899 303 943 eo
324 880 375 943 die
396 878 574 943 secundnm
594 876 834 961 possibilitatem
855 895 966 940 omnes
987 876 1026 939 ad
1048 876 1213 940 aeclesiam
1234 894 1361 940 currere
1379 882 1410 939 et
1430 876 1465 938 in
1490 875 1556 939 sola
1575 875 1802 958 omnipotentis
1819 872 1879 939 Dei

267 984 407 1045 oratione
428 999 555 1044 vacare:
588 985 623 1042 ut
651 980 706 1062 qui
732 980 903 1042 christiano
924 977 1078 1042 vocabulo
1107 984 1334 1064 nuncupantur
1358 979 1583 1042 convenienter
1608 997 1704 1061 opera
1728 995 1884 1061 peragere
1909 1000 1924 1040 s

268 1085 448 1148 videantur.
1355 1135 1357 1138 .

367 1187 415 1251 31.
457 1182 511 1248 De
531 1182 826 1247 criminalibus
847 1185 986 1247 causis
1001 1191 1038 1247 et
1056 1183 1182 1247 furtis
1201 1182 1655 1267 ceterisquesimilibus
1676 1183 1740 1247 die
1758 1182 1886 1247 domi·

268 1290 353 1351 nico
375 1288 564 1351 inventis.
605 1286 688 1350 Sunt
708 1287 825 1369 quippe
847 1287 903 1369 qui
923 1286 1082 1350 dominico
1103 1286 1170 1364 die,
1190 1286 1224 1349 in
1247 1304 1311 1368 quo
1323 1286 1494 1350 commissa
1511 1285 1651 1349 facinora
1671 1284 1793 1350 debent
1814 1303 1884 1348 ora·

267 1393 352 1455 tione
374 1388 564 1473 abstergere,
590 1388 651 1451 alia
672 1387 867 1452 delectantur
893 1390 1097 1452 committere.
1143 1387 1257 1471 Itaque
1284 1407 1367 1471 qnae
1395 1388 1467 1452 aliis
1495 1385 1607 1451 diebus
1626 1388 1886 1469 committuntur,

266 1493 412 1557 licentia¹
442 1493 483 1555 sit
502 1490 600 1554 iudici
621 1492 782 1554 auctorive
806 1510 843 1555 eo
865 1491 916 1554 die
933 1509 1099 1574 personam
1127 1496 1306 1574 suspectam
1334 1496 1423 1554 reatu
1443 1490 1648 1554 infamatam¹
1678 1499 1736 1554 ant
1763 1493 1883 1575 optima
1900 1511 1926 1549 a

268 1595 490 1658 satisdatione
512 1599 567 1657 aut
588 1592 740 1656 custodiis
762 1594 969 1673 constituere,
989 1599 1027 1656 ut
1046 1593 1140 1656 licitis
1160 1592 1273 1656 diebus
1293 1592 1457 1656 indicetur.

368 1699 415 1763 32.
456 1695 510 1760 De
531 1696 594 1759 his
616 1697 681 1778 qui
709 1697 796 1759 sine
826 1701 985 1759 ostenso
1013 1697 1183 1759 crimine
1210 1697 1335 1759 inviti
1366 1696 1610 1759 monasterio
1639 1696 1888 1760 suntintro·

268 1802 386 1865 ducti.
429 1799 518 1863 Sicut
536 1800 623 1863 enim
648 1799 704 1881 qui
724 1799 953 1862 monasterium
975 1798 1137 1881 elegerunt
1158 1818 1178 1861 a
1203 1798 1403 1861 monasteriis
1429 1797 1536 1880 egredi
1558 1816 1622 1860 non
1645 1798 1883 1882 permittrmtur,

268 1905 312 1967 ita
330 1903 364 1966 hi
386 1903 441 1986 qui
463 1903 555 1965 inviti
577 1903 647 1965 sine
667 1902 769 1964 iustae
782 1902 973 1965 ostensionis
991 1902 1124 1965 crimine
1142 1902 1333 1964 monasterio
1347 1913 1424 1963 sunt
1442 1901 1630 1981 intromissi,
1651 1902 1716 1965 nisi
1736 1902 1884 1966 volentes

268 2024 332 2068 non
353 2009 534 2083 teneantur,
561 2004 637 2086 quia
663 2002 748 2085 quod
771 2022 836 2065 non
858 2008 971 2086 petunt
991 2022 1057 2066 non
1078 2002 1254 2067 observant
1300 2002 1441 2085 Ideoque
1462 2002 1542 2067 tales
1562 2003 1788 2068 considerandi
1808 2015 1883 2069 sunt
1898 2027 1922 2066 a

269 2108 409 2170 maxime
429 2111 555 2189 peccata
576 2105 771 2167 committere
791 2124 887 2187 quam
899 2103 1064 2188 plangere,
1086 2106 1168 2168 sicut
1179 2105 1302 2168 decreto
1323 2106 1516 2169 sanctissimi
1527 2104 1642 2170 leonis
1663 2126 1763 2191 papae
1783 2109 1885 2172 mani-

267 2209 435 2273 festissime
456 2210 647 2271 continetur.

368 2313 417 2376 33.
460 2310 510 2374 Ut
530 2310 625 2372 laici
657 2309 704 2372 ad
735 2311 881 2372 missas
917 2310 957 2371 in
990 2309 1235 2392 presbiterio
1273 2330 1347 2373 non
1384 2311 1619 2374 consistant
1674 2309 1881 2376 Sacerdotem

268 2413 468 2496 aliorumque
489 2413 674 2476 clericorum
696 2411 836 2474 ecclesiis
855 2412 1061 2474 servientium
1087 2411 1261 2475 honoresa
1288 2411 1442 2476 laicorum
1473 2413 1605 2478 discrete
1626 2433 1778 2498 apparere
1805 2435 1882 2479 con·

270 2518 411 2580 veniunt.
455 2513 668 2590 Quamobrem
690 2512 772 2576 nulli
790 2513 943 2576 laicorum
962 2512 1055 2577 liceat
1075 2515 1109 2577 in
1131 2532 1168 2577 eo
1188 2513 1273 2595 loco,
1295 2513 1351 2579 ubi
1368 2517 1545 2580 sacerdotes
1564 2517 1615 2581 rel
1636 2518 1754 2602 reliqui
1775 2518 1916 2584 clericia

269 2620 447 2682 consistunt
470 2616 553 2700 quod
576 2614 798 2699 presbiterium
818 2622 1038 2698 nuncupatur,
1060 2616 1188 2699 quando
1199 2619 1298 2681 missa
1318 2618 1506 2697 celebratur,
1529 2621 1717 2699 consistere,
1739 2628 1776 2684 ut
1789 2621 1882 2686 libere

268 2741 304 2783 ac
326 2719 497 2783 honorifice
517 2719 639 2803 possint
661 2716 813 2781 sacrificia
835 2736 990 2781 exercere.

370 2823 417 2885 3l.
458 2819 513 2884 De
542 2818 662 2883 scolis
689 2819 929 2902 reparandis
960 2840 1028 2904 pro
1050 2821 1188 2885 studio
1220 2822 1455 2886 litterarum.
1506 2820 1554 2886 De
1584 2823 1779 2907 quibusdam
1808 2826 1882 2891 locis

270 2924 310 2987 ad
335 2944 393 2987 nos
420 2923 566 2997 refertur,
598 2940 662 2984 non
690 2923 857 3004 magistros
885 2941 989 3005 neque
1013 2942 1123 2987 curam
1148 2925 1286 2987 inveniri
1319 2944 1375 3008 pro
1396 2924 1502 2988 studio
1530 2925 1715 2990 litterarum.
1764 2926 1881 2992 Idcirco

270 3027 303 3088 in
324 3026 483 3089 universis
512 3025 678 3109 episcopiis
699 3022 914 3107 subiectisque
934 3024 1080 3108 plebibus
1110 3032 1141 3089 et
1159 3025 1229 3089 aliis
1250 3026 1343 3099 locis,
1372 3028 1405 3089 in
1432 3026 1550 3111 quibus
1576 3030 1749 3093 necessitas
1778 3049 1914 3094 occur-n

269 3130 361 3208 rerit,
389 3129 519 3191 omnino
540 3148 616 3192 cura
638 3134 669 3191 et
689 3126 850 3209 diligentia
872 3125 1072 3204 adhibeatur,
1100 3134 1136 3190 ut
1162 3129 1303 3210 magistri
1323 3134 1355 3192 et
1374 3128 1516 3193 doctores
1541 3131 1792 3214 constituantur,
1819 3135 1883 3217 qui,

270 3231 374 3294 studia
394 3230 571 3294 litterarum
589 3228 834 3312 liberaliumque
855 3230 970 3292 artium
990 3228 1143 3292 habentes
1167 3229 1327 3313 dogmata,
1354 3229 1481 3294 assidue
1505 3231 1653 3309 doceant,
1680 3235 1759 3317 quia
1780 3236 1814 3298 in
1834 3235 1881 3298 his

270 3334 409 3396 maxime
430 3332 538 3395 divina
559 3331 803 3395 manifestantur
824 3336 919 3413 atque
938 3330 1137 3394 declarantur
1157 3333 1313 3395 mandata

371 3436 419 3499 35.
461 3433 516 3498 De
536 3435 739 3497 conviviis
759 3432 878 3496 festis
902 3432 1044 3496 diebus
1065 3453 1144 3497 non
1164 3435 1377 3499 faciendis.
1418 3434 1502 3500 Sunt
1523 3437 1669 3520 quidam,
1690 3445 1723 3503 et
1743 3441 1880 3504 maxime

272 3537 436 3607 mulieres.
461 3539 517 3620 qui
538 3536 626 3599 festis
647 3555 684 3599 ac
706 3537 803 3599 sacris
824 3535 936 3599 diebus
957 3543 1052 3619 atquc
1073 3542 1255 3599 sanctorum
1277 3537 1432 3601 nataliciis
1458 3558 1523 3602 non
1550 3559 1606 3623 pro
1624 3558 1738 3605 eorum
1765 3542 1918 3625 quibusa

272 3639 386 3703 debent
407 3639 603 3702 delectantur
623 3637 787 3700 desideriis
806 3638 973 3717 advenire,
1001 3638 1056 3701 sed
1077 3637 1228 3701 balando²
1248 3645 1279 3702 et
1299 3638 1395 3702 verba
1415 3643 1520 3724 turpia
1542 3642 1755 3724 decantando,
1775 3644 1884 3708 choros

272 3742 407 3806 tenendo
433 3760 470 3804 ac
497 3740 641 3804 ducendo
649 3751 669 3817 ,⁸
700 3739 940 3802 similitudinem
964 3759 1161 3824 paganorum
1186 3740 1377 3824 peragendo,
1407 3742 1557 3807 advenire
1583 3752 1771 3828 procurant3
1808 3746 1885 3810 tales

272 3845 371 3921 enim,
400 3844 502 3906 sicutb
525 3841 703 3904 minoribus
725 3842 860 3904 veniunt
878 3841 917 3904 ad
940 3842 1100 3914 eclesiam,
1128 3861 1203 3906 cum
1224 3846 1359 3927 peccatis
1388 3844 1563 3909 maioribus
1586 3853 1800 3912 revertrmtur.
1848 3848 1884 3913 In

271 3944 327 4009 tali
346 3947 432 4008 enim
453 3945 533 4008 facto
562 3942 654 4007 debet
678 3945 904 4026 unusquisque
930 3945 1074 4008 sacerdos
1101 3944 1343 4028 diligentissime
1370 3948 1524 4031 populum
1545 3948 1739 4030 admonere,
1768 3957 1805 4014 ut
1830 3971 1885 4036 pro

272 4046 338 4110 sola
359 4048 500 4109 oratione
520 4046 569 4109 his
591 4045 703 4108 diebus
725 4046 764 4108 ad
785 4046 933 4109 eclesiam
954 4053 1129 4125 recurrant,
1158 4049 1234 4130 quia
1253 4049 1314 4131 ipsi
1336 4050 1392 4132 qui
1419 4050 1494 4113 talia
1512 4057 1613 4133 agunt
1633 4070 1699 4114 non
1721 4053 1829 4117 solum
1852 4073 1922 4117 sea

271 4149 421 4231 perdunt,
443 4147 611 4211 sedetiam
633 4147 709 4211 alios
731 4148 890 4231 deperiree
912 4149 1085 4212 attendunt

372 4251 420 4314 36.
461 4247 515 4313 De
535 4249 599 4312 his
620 4251 690 4332 qui
712 4249 935 4313 adhibitam
963 4250 1039 4314 sibi
1061 4271 1222 4315 uxorem
1252 4253 1493 4335 relinquunt
1514 4262 1552 4318 et
1572 4254 1697 4319 aliam
1719 4259 1887 4321 sociant

272 4351 359 4415 Nulli
381 4353 486 4423 liceat,
513 4358 644 4434 excepta
665 4370 761 4414 cansa
781 4352 1011 4432 fornicationis,
1035 4352 1207 4417 adhibitam
1236 4373 1369 4418 uxorem
1396 4356 1575 4440 relinquere
1600 4363 1632 4420 et
1652 4357 1769 4423 deinde
1790 4359 1885 4423 aliam

272 4454 435 4537 copulare;
467 4453 606 4536 alioquin
633 4461 897 4536 transgressorem
925 4456 1020 4538 priori
1048 4457 1199 4519 convenit
1227 4458 1339 4520 sociari
1363 4460 1517 4542 coniugio.
1566 4457 1623 4523 Sin
1651 4465 1761 4525 autem
1783 4462 1885 4525 viret

170 4552 193 4582 s
274 4575 356 4619 uxor
381 4556 535 4618 divertere
556 4574 612 4637 pro
634 4554 701 4618 sola
721 4555 866 4638 religiosa
888 4558 970 4620 inter
995 4577 1029 4620 se
1053 4559 1270 4621 consenserint
1292 4560 1372 4639 vita,
1399 4560 1582 4624 nullatenus
1603 4562 1673 4625 sine
1694 4565 1923 4630 conscientian

272 4658 410 4741 episcopi
429 4656 504 4735 fiat,
527 4663 561 4719 ut
581 4655 620 4720 ab
642 4675 679 4720 eo
702 4656 904 4740 singulariter
923 4660 1048 4741 proviso
1069 4661 1303 4723 constituantur
1324 4661 1401 4725 loco.
1441 4660 1524 4726 Nam
1544 4682 1645 4727 uxore
1665 4664 1811 4747 nolente,
1834 4675 1887 4730 aut

272 4759 368 4823 altero
390 4778 518 4836 eorum,
540 4759 634 4821 otiam
657 4777 712 4841 pro
733 4758 787 4821 tali
810 4777 844 4821 re
865 4762 1102 4824 matrimonium
1123 4781 1188 4824 non
1211 4763 1360 4826 solvatur.

374 4861 423 4924 37.
467 4859 515 4923 Ut
540 4879 618 4923 non
645 4860 769 4923 liceat
800 4880 875 4923 uno
903 4868 1080 4945 tempore
1110 4864 1208 4928 duas
1235 4863 1379 4929 habere
1406 4885 1570 4946 uxores,
1606 4887 1828 4935 uxoremve
1849 4877 1884 4935 et

211 5048 214 5053 r
272 4962 549 5025 concubinam.
590 4960 676 5025 Nulli
699 4962 864 5026 liceatuno
886 4969 1024 5047 tempore
1037 4966 1116 5030 duas
1136 4965 1253 5030 habere
1266 4986 1397 5047 uxores,
1418 4986 1593 5032 uxoremve
1615 4976 1646 5034 et
1664 4972 1887 5047 concubinam,

183 5056 209 5109 s
273 5065 349 5146 quia
369 5083 443 5127 cum
466 5063 575 5126 domui
599 5065 725 5127 nonsit
745 5064 889 5143 lucrum,
919 5067 1044 5130 animae
1063 5068 1099 5131 fit
1120 5068 1351 5134 detrimentum.
1392 5068 1475 5134 Nam
1496 5072 1579 5135 sicut
1599 5070 1746 5137 Christus
1764 5082 1922 5141 casamo

273 5165 419 5229 observat
438 5165 601 5245 eclesiam,
622 5168 666 5229 ita
688 5167 738 5227 vir
758 5172 880 5229 castum
905 5166 996 5230 debet
1017 5171 1174 5234 custodire
1192 5173 1385 5256 coniugium

253 5364 256 5369 ,
373 5268 422 5332 38.
463 5266 516 5331 De
547 5269 715 5331 incestis
745 5268 1430 5339 etinutilibusconiunctionibus.
1474 5273 1723 5357 Consobrinam,
1753 5286 1887 5365 neptem

229 5372 252 5432 s

372 5495 401 5571 x)
419 5499 459 5552 ita
467 5498 564 5552 Mami
566 5518 577 5566 ;
588 5497 689 5552 iudicia
697 5499 862 5554 auctoritate
870 5499 1062 5558 terminentur.
1083 5502 1886 5585 Eodiepcrsonasuspectaatmbrlnfmtmdsodl.

270 5577 303 5654 y)
323 5577 691 5715 sathipfactionccod.(1'aclt1
742 5582 770 5651 a)
790 5578 924 5634 blandos.
937 5579 1032 5650 Gucls.
1080 5582 1108 5651 a)
1123 5583 1248 5641 docendo
1259 5584 1388 5641 now,
1439 5586 1473 5632 ln
1490 5586 1705 5649 dmm
1754 5595 1784 5665 ο)
1798 5593 1880 5653 μ.

270 5679 347 5719 mere
391 5678 460 5715 arua.
