4418 6226
779 377 1042 437 CAPITULARIA
1064 379 1240 435 814-827.
1754 380 1819 446 283

204 555 300 619 falsos
317 574 371 618 eos
393 575 462 618 esse
483 556 679 638 suspicatur,
701 555 793 618 liceat
813 557 842 617 ei
865 556 944 619 alios
963 560 1072 636 testeS,
1094 575 1175 639 quos
1195 555 1341 618 meliores
1353 557 1503 637 potuerit,
1524 563 1632 619 contra
1654 576 1815 642 eosoppo·

205 676 297 737 nere,
324 663 361 720 ut
383 659 541 720 veracium
563 658 744 720 testimonio
764 657 915 721 falsorum
937 658 1066 721 testium
1098 659 1287 741 perversitas
1315 664 1488 741 superetur.
1539 657 1629 734 Quod
1656 661 1682 722 si
1704 660 1818 724 ambae

206 765 309 842 partes
330 760 460 821 testium
481 759 525 820 ita
545 760 628 822 inter
650 777 684 822 se
707 758 928 838 dissenserint,
955 765 993 822 ut
1014 759 1198 823 nullatenus
1227 779 1385 842 unapars
1405 759 1494 823 alteri
1516 761 1626 823 cedere
1645 760 1734 840 velit,
1760 762 1818 826 eli·

205 870 322 944 gantur
343 860 406 923 duo
428 879 469 923 ex
489 861 580 943 ipsis,
600 859 632 922 id
654 866 761 924 estex
781 867 917 943 utraque
937 868 1025 942 parte
1044 882 1143 937 nnus,
1164 863 1304 945 quicum
1327 863 1425 925 scutis
1446 869 1477 925 et
1497 860 1636 926 fustibus
1650 864 1684 926 in
1703 882 1817 946 campo

167 948 194 1020 's
206 964 379 1042 decertent,
400 969 472 1026 utra
490 982 561 1046 pars
580 962 764 1043 falsitatem,
789 969 861 1026 utra
884 964 1049 1026 veritatem
1070 983 1128 1028 suo
1148 965 1327 1028 testimonio
1357 966 1548 1047 sequatur.¹l
1594 963 1635 1026 Et
1655 966 1814 1049 campioni

206 1067 262 1147 qui
282 1067 386 1128 victus
406 1066 502 1128 fuerit
520 1072 647 1148 propter
669 1066 845 1148 periurium
874 1065 959 1148 quod
986 1071 1059 1129 ante
1081 1086 1222 1150 pugnam
1250 1067 1408 1129 commisit
1436 1065 1547 1129 dextm
1567 1086 1682 1130 manns
1703 1087 1817 1151 ampu-

205 1174 302 1244 tetur,
328 1168 422 1230 ceteri
443 1185 516 1230 vero
537 1166 679 1230 eiusdem
696 1168 794 1250 partis
816 1172 928 1247 testes,
947 1169 1023 1250 quia
1049 1168 1120 1231 falsi
1145 1174 1372 1252 apparuerunt,
1400 1188 1515 1232 manus
1545 1187 1620 1232 suas
1646 1169 1816 1250 redimant,

205 1269 298 1331 cuius
318 1270 545 1351 conpositionis
572 1268 655 1332 duae
678 1274 783 1352 partes
806 1270 835 1332 ei
863 1275 1087 1352 contraquam
1112 1272 1214 1333 testati
1244 1277 1320 1333 sunt
1347 1269 1479 1346 dentur,
1507 1271 1615 1333 tertiav
1643 1289 1699 1353 pro
1726 1271 1817 1334 fredo

206 1371 372 1433 solvatur.v
413 1369 455 1433 Et
475 1372 508 1433 in
530 1371 682 1434 saeculari
704 1370 832 1453 quidem
857 1390 953 1434 causa
973 1371 1193 1435 huiuscemodi
1215 1374 1343 1435 testium
1365 1371 1530 1434 diversitas
1550 1391 1661 1455 campo
1682 1390 1816 1456 conpro-

167 1472 313 1550 10betur3
335 1474 368 1534 in
390 1472 609 1536 ecclesiasticis
629 1479 735 1536 autem
759 1474 881 1553 causis,
907 1472 964 1536 nbi
985 1474 1024 1536 de
1044 1493 1110 1537 una
1131 1480 1218 1557 parte
1240 1475 1417 1549 saeculare,
1444 1473 1483 1536 de
1504 1473 1602 1536 altera
1620 1493 1696 1538 voro
1717 1474 1818 1539 eccla-

205 1576 368 1637 siasticum
390 1575 551 1658 negotium
565 1582 625 1650 est,
647 1574 730 1638 idem
746 1575 860 1638 modus
871 1573 1063 1638 observetur.
1108 1574 1168 1639 Ubi
1180 1594 1254 1638 vero
1265 1594 1305 1638 ex
1316 1582 1452 1658 unaque
1463 1583 1551 1658 parte
1568 1575 1814 1640 ecclesiasticum

203 1676 311 1751 fuerit,
347 1684 483 1740 rectores
519 1675 691 1739 earundem
726 1676 948 1757 ecclesiarum,
980 1678 1007 1740 si
1040 1696 1074 1740 se
1099 1676 1294 1740 familiariter
1319 1676 1484 1760 pacificare
1512 1677 1623 1755 velint,
1655 1677 1816 1741 licentiam

204 1777 353 1856 habeant,
374 1780 400 1840 si
422 1785 528 1842 autem
551 1777 589 1841 de
610 1778 828 1841 huiuscemodi
849 1778 1065 1862 pacificatione
1085 1780 1169 1842 inter
1190 1797 1244 1842 eos
1264 1779 1434 1842 convenire
1452 1798 1518 1841 non
1539 1781 1652 1862 possit,
1672 1780 1815 1843 advocati

204 1899 314 1943 eorum
336 1882 368 1942 in
391 1878 485 1942 mallo
507 1879 633 1962 publico
647 1879 686 1943 ad
704 1882 914 1963 praesentiam
930 1882 1055 1944 comitis
1077 1881 1218 1959 veniant,
1238 1885 1270 1942 et
1285 1878 1328 1941 ibi
1348 1879 1511 1962 legitimus
1530 1882 1685 1944 terminus
1704 1900 1814 1945 eorum

167 1999 192 2036 ιε
204 1981 457 2045 contentionibus
478 1983 655 2065 inponatur.
703 1980 810 2047 Testes
832 2001 906 2045 vero
935 1982 974 2045 de
995 1980 1136 2065 qualibet
1155 2001 1253 2046 causa
1280 2001 1344 2045 non
1367 1981 1494 2046 aliunde
1522 1989 1727 2065 quaerantur,
1753 1984 1814 2047 nisi

204 2084 242 2146 de
263 2086 331 2167 ipso
352 2085 504 2147 comitatu
528 2085 560 2146 in
583 2103 647 2167 quo
667 2103 733 2162 ῐεε,
761 2084 847 2148 unde
867 2103 964 2147 causa
986 2085 1103 2167 agitur,
1134 2085 1253 2167 positae
1279 2091 1368 2161 sunt3
1399 2084 1561 2166 quianon
1584 2091 1633 2148 est
1658 2085 1819 2166 cmdibile,

206 2194 241 2247 ut
261 2185 309 2248 vel
333 2183 372 2248 de
393 2191 476 2249 statu
497 2186 634 2248 hominis
653 2185 701 2248 vel
723 2185 761 2248 de
773 2187 972 2268 possessione
992 2186 1162 2249 cmusltbet
1181 2206 1237 2269 per
1247 2186 1447 2249 aliosmelius
1466 2188 1511 2249 rei
1533 2187 1648 2250 varias
1667 2189 1815 2271 cognosci

207 2287 306 2351 valeat
337 2308 432 2370 quam
455 2307 511 2370 per
538 2287 608 2350 illos
630 2289 685 2370 qui
710 2288 878 2350 viciniores
904 2295 987 2350 sunt
1034 2286 1068 2351 Si
1095 2296 1201 2350 tamen
1228 2289 1385 2351 contentio
1413 2307 1495 2371 quae
1523 2289 1679 2352 intereos
1703 2299 1814 2353 exorta

204 2397 252 2453 est
272 2391 306 2452 in
327 2389 464 2453 confinio
485 2389 623 2452 duorum
643 2390 852 2452 comitatuum
871 2389 982 2469 fuerit,
1009 2389 1101 2453 liceat
1122 2391 1168 2453 eis
1187 2390 1226 2453 de
1246 2391 1350 2452 vicina
1376 2396 1508 2454 centena
1528 2391 1699 2455 adiacentis
1718 2393 1816 2455 comi·

165 2507 192 2545 20
205 2497 289 2554 tatus
306 2491 345 2554 ad
366 2510 494 2554 canmm
518 2510 609 2553 suam
629 2497 724 2553 testes
747 2488 872 2554 habere.

308 2596 352 2657 ll.
393 2591 446 2656 De
466 2593 621 2674 proprio
651 2593 691 2654 in
720 2589 894 2655 bannum
925 2594 1056 2656 misso.
1103 2591 1379 2675 Cuiuscumquc¹2
1407 2593 1545 2656 hominis
1574 2594 1747 2677 proprietas
1773 2593 1816 2657 ob

205 2696 324 2757 crimen
350 2694 477 2776 aliquod
506 2694 546 2756 ab
568 2712 605 2756 co
632 2695 828 2757 conmissum
856 2695 889 2757 in
918 2693 1062 2757 bannum
1074 2694 1103 2739 ¹³
1137 2694 1234 2757 fuerit
1266 2697 1378 2776 missa,
1412 2703 1443 2758 et
1468 2695 1522 2759 ille
1543 2715 1578 2760 re
1603 2697 1740 2779 cognita,
1774 2716 1819 2760 ne

204 2796 356 2858 iustitiam
377 2795 484 2872 faciat,
510 2796 618 2858 venire
639 2795 796 2858 distulerit
816 2814 1003 2879 annumque
1023 2815 1060 2859 ac
1083 2797 1168 2860 diem
1192 2797 1225 2859 in
1247 2815 1284 2860 eo
1304 2795 1411 2860 banno
1431 2797 1518 2860 illam
1537 2816 1607 2861 esse
1627 2800 1813 2881 permiserit,

205 2897 338 2960 ulterius
358 2915 427 2959 earu
449 2916 513 2959 non
534 2896 695 2979 adquirat,
715 2897 770 2960 sed
791 2899 860 2981 ipsa
880 2897 956 2960 fisco
978 2905 1084 2961 nostro
1107 2901 1251 2962 societur.
1295 2896 1447 2962 Debitum
1468 2918 1542 2962 vero
1563 2900 1647 2982 quod
1669 2901 1698 2963 is
1720 2902 1819 2964 cuius

166 3017 241 3062 area
260 2999 321 3060 fuit
342 2999 463 3062 solvere
484 2998 592 3062 debuit
612 3019 667 3082 per
687 3001 834 3064 comitem
855 3019 891 3062 ac
908 3001 1069 3063 ministros
1090 3001 1160 3064 eius
1172 3002 1264 3063 iuxta
1276 3002 1524 3064 aestimationem
1538 3001 1646 3064 damni
1668 3002 1706 3064 de
1718 3001 1819 3066 rebus-

203 3099 374 3163 mobilibus
395 3120 476 3183 quae
497 3102 530 3163 in
552 3101 660 3165 eadem
682 3103 868 3185 proprietate
889 3103 1037 3166 inventae
1057 3102 1177 3166 fuerint
1207 3103 1256 3166 lris
1284 3103 1402 3186 quibus
1427 3104 1511 3166 idem
1534 3102 1656 3166 debitor
1676 3104 1737 3167 fuit
1758 3124 1813 3168 er·

203 3202 363 3280 solvatur3
391 3202 504 3286 quodsi
530 3222 638 3265 rerum
660 3202 825 3266 mobilium
854 3202 970 3267 ibidem
996 3205 1199 3268 inventarum
1221 3206 1381 3288 quantitas
1402 3206 1440 3268 ad
1462 3207 1722 3288 compositionem
1748 3226 1813 3269 non

203 3303 368 3383 sufficerit,
389 3304 427 3368 de
449 3303 655 3367 inmobilibus
676 3305 873 3388 suppleatur,
892 3312 924 3369 et
944 3306 1030 3388 quod
1045 3307 1250 3389 superfuerit,
1272 3308 1355 3370 sicut
1367 3306 1486 3370 dictum
1504 3318 1567 3386 cst,
1588 3307 1686 3371 fiscus
1706 3316 1821 3372 noster

201 3407 374 3490 possideat;
403 3408 430 3470 si
452 3407 529 3469 nihil
552 3426 647 3490 super
666 3409 916 3490 conpositionem
937 3427 1100 3472 remanere
1131 3410 1281 3492 potuerit,
1308 3415 1410 3473 totum
1441 3411 1472 3471 in
1502 3409 1589 3472 illam
1609 3409 1814 3493 expendatur.

164 3527 191 3567 ao
202 3507 235 3572 Si
258 3515 364 3571 alitem
385 3509 478 3572 homo
499 3508 552 3571 ille
574 3509 716 3573 nondum
735 3530 809 3574 cum
830 3511 898 3573 suis
921 3510 1127 3574 coheredibus
1144 3512 1305 3593 proprium
1317 3531 1412 3574 snum
1434 3511 1573 3574 divisum
1594 3511 1717 3591 habuit,
1739 3530 1813 3573 con-

202 3617 292 3673 vocet
312 3629 365 3674 eos
386 3629 491 3673 comes
509 3615 540 3673 et
560 3630 635 3674 cum
656 3613 701 3674 cis
723 3611 896 3695 legitimam
917 3613 1105 3676 divisionem
1126 3613 1220 3675 faciat
1244 3621 1276 3675 et
1303 3620 1394 3681 tunc.
1421 3614 1504 3675 sicut
1523 3614 1587 3675 iam
1615 3612 1736 3675 dictum
1757 3620 1820 3692 est,

201 3720 320 3796 partem
340 3715 409 3776 eius
430 3712 506 3775 fisco
528 3720 634 3777 nostro
654 3713 792 3792 addicat,
822 3721 854 3776 et
878 3715 1127 3797 conpositionem
1157 3714 1195 3777 dc
1225 3733 1263 3777 ea
1288 3715 1379 3776 iuxta
1406 3714 1536 3777 modum
1561 3716 1709 3797 superius
1736 3733 1812 3777 con·

201 3815 411 3896 praetensum
432 3814 482 3877 his
501 3815 540 3878 ad
563 3834 643 3897 quos
664 3815 719 3878 illa
740 3814 863 3898 legibus
884 3816 1019 3899 pertinet
1048 3816 1198 3879 exsolvat
1244 3814 1364 3891 Quodsi
1391 3835 1456 3879 non
1481 3816 1520 3879 de
1541 3816 1604 3879 alia
1622 3835 1671 3896 re,
1698 3816 1753 3879 sed
1775 3816 1815 3880 de

202 3918 269 3999 ipsa
289 3917 475 3999 proprietate
497 3935 579 3998 quae
599 3918 632 3979 in
654 3914 798 3980 bannum
818 3918 916 3980 missa
947 3916 1008 3980 tuit
1033 3937 1070 3980 ac
1095 3937 1152 4001 per
1179 3918 1237 3980 lroc
1259 3919 1293 3981 in
1313 3927 1454 3981 nostram
1476 3924 1660 4001 potestatem
1687 3918 1814 3982 redacta

163 4037 190 4078 aa
202 4026 264 4097 cst,
283 4018 387 4081 fuerat
406 4019 639 4101 interpellatus,
659 4038 765 4082 comes
785 4020 820 4081 in
840 4021 933 4082 cuius
955 4021 1130 4083 ministerio
1151 4039 1220 4083 eam
1240 4039 1310 4084 esse
1329 4021 1507 4083 constiterit
1527 4021 1587 4083 hoc
1608 4019 1647 4082 ad
1668 4021 1813 4083 notitiam

201 4127 340 4182 nostram
359 4120 495 4204 perterre
512 4127 613 4199 curet,
634 4128 671 4184 ut
686 4140 746 4185 nos
759 4120 891 4184 eandem
904 4123 1139 4204 proprietatem,
1160 4141 1242 4204 quae
1258 4122 1434 4185 secundum
1455 4120 1671 4204 supradictum
1681 4120 1813 4185 modum

200 4222 234 4283 in
253 4228 398 4285 nostrum
418 4221 596 4286 dominium
616 4223 742 4286 redacta
762 4228 825 4302 cst,
846 4242 903 4306 per
913 4225 1069 4307 praecepti
1081 4225 1181 4286 nostri
1203 4224 1420 4287 auctoritatem
1443 4225 1476 4286 in
1501 4224 1553 4286 ius
1575 4230 1606 4286 et
1627 4228 1815 4305 potestatem

200 4323 338 4386 hominis
359 4325 415 4406 qui
437 4343 507 4388 eam
528 4324 713 4408 quaerebat,
734 4325 786 4387 si'
805 4344 865 4388 sua
882 4343 952 4388 esse
972 4323 1100 4405 debet,'
1122 4325 1276 4388 faciamus
1296 4325 1492 4409 pervenire¹

303 4428 348 4490 12.
389 4422 444 4489 Do
464 4428 653 4490 mannire.
694 4425 727 4490 Si
740 4427 767 4470 ¹⁴
787 4428 861 4509 quis
888 4426 926 4490 de
947 4431 1031 4490 statu
1054 4446 1129 4507 suo,
1157 4426 1188 4489 id
1208 4432 1256 4491 est
1274 4426 1314 4490 de
1333 4425 1476 4489 libertate
1500 4425 1551 4489 vel
1572 4424 1612 4489 de
1631 4424 1819 4498 hereditate,

160 4696 188 4735 40
299 4668 328 4738 v)
348 4666 749 4724 tertiacomitiaestl.13.14.
818 4667 1248 4738 v)si...debetom.2.13.14.
1318 4666 1346 4737 x)
1368 4667 1427 4721 etsi
1437 4684 1497 4721 earn
1507 4667 1811 4736 quicumqueadsunm

199 4750 341 4820 proprium
351 4747 521 4820 pertraxerit,
538 4747 655 4802 liceatei
664 4766 715 4818 per
731 4766 810 4802 suum
829 4756 1033 4803 sacramentum
1043 4748 1154 4817 habere,
1172 4748 1231 4802 etsi
1241 4746 1699 4818 exindeposteaconvictuafuerit,
1715 4746 1812 4801 dextra

200 4847 297 4883 manus
306 4829 332 4884 ei
341 4833 501 4900 amputetur
508 4829 576 4880 odd
588 4827 632 4882 18.
643 4828 688 4882 19.

301 5051 350 5112 11)
371 5050 432 5116 Cfr.
441 5052 506 5104 Lar.
515 5051 661 5120 Burquad.
671 5052 710 5103 at.
723 5045 767 5104 14.
845 5048 896 5115 12)
906 5050 968 5102 Hoc
976 5057 1058 5120 capntt
1066 5049 1128 5101 item
1136 5049 1229 5119 repetit
1236 5049 1379 5101 anterioris
1387 5048 1546 5102 Hladorot'ca'
1552 5048 1714 5119 capitular&
1722 5050 1813 5117 qood-

199 5151 265 5202 ‹lcm
274 5152 460 5222 copat(aopro
466 5167 531 5219 pap.
539 5147 636 5221 268,c.
645 5142 687 5214 b),
700 5149 750 5200 ml
756 5147 867 5215 artbfiac
875 5163 964 5200 merra
973 5148 1142 5200 additament
1152 5148 1247 5199 verbo:
1255 5145 1360 5211 Quodsi
1369 5165 1424 5201 non
1434 5147 1468 5201 de
1477 5146 1532 5201 alia
1540 5145 1647 5213 rcrcll,
1656 5146 1812 5216 qatt'broedo-

160 5260 188 5300 to
200 5247 338 5300 clamata
346 5246 486 5312 tollantur,
494 5263 564 5315 qaae
570 5248 717 5299 madum
728 5245 847 5298 amatas
859 5245 1008 5315 capitulam
1020 5245 1121 5297 moveri
1127 5253 1261 5316 poterant.
1295 5245 1360 5315 Ipso
1373 5244 1453 5297 aerbo
1464 5244 1508 5297 bic
1520 5244 1618 5297 addita
1631 5244 1814 5314 respiciantur

199 5346 227 5397 in
237 5345 396 5396 ‹lownaarto
407 5345 527 5413 quonlam
538 5345 606 5396 onai
612 5344 680 5413 877,
691 5362 709 5397 a
719 5343 836 5396 Balozio
849 5341 917 5413 Cap.
930 5360 985 5412 req.
1001 5342 1104 5395 Fratre.
1116 5343 1157 5408 II,
1169 5342 1245 5396 1499
1258 5343 1307 5394 arab
1318 5359 1429 5394 numero
1439 5342 1531 5395 CVII.
1543 5343 1623 5395 edito.
1675 5340 1724 5409 13)
1747 5340 1809 5410 Cfr.

198 5461 282 5513 aspra
292 5441 360 5512 Cap.
370 5441 417 5512 26,
425 5460 449 5494 c.
459 5441 495 5495 27
506 5449 531 5494 et
541 5440 606 5511 Cap.
616 5440 663 5510 73,
672 5458 695 5493 c.
705 5440 730 5494 o.
782 5437 831 5506 14)
841 5440 903 5492 Hoc
911 5457 1016 5510 qaoque
1024 5448 1105 5510 σαμε
1113 5441 1153 5492 orl
1160 5441 1333 5509 verbamferc
1341 5440 1470 5492 wascattt
1478 5458 1538 5492 cum
1547 5440 1691 5492 cautioris
1698 5440 1810 5492 Hlado·

199 5541 258 5593 wia-i
264 5538 424 5610 capitularia
431 5533 691 5612 capite(roprapop.
698 5536 765 5607 268,
773 5554 797 5589 c.
807 5536 825 5589 4
819 5532 859 5608 ),·
872 5539 1031 5590 occidatur
1038 5546 1126 5589 caum
1135 5547 1216 5608 capot
1224 5539 1343 5591 orderico
1351 5538 1435 5591 oerbt'a
1442 5538 1486 5591 aia
1494 5539 1612 5591 additia:
1620 5554 1675 5590 non
1685 5537 1811 5590 mannia-

198 5645 244 5692 tur
252 5638 300 5692 sed
308 5656 334 5708 p.
344 5654 365 5690 c.
375 5635 457 5690 baun.
466 5634 508 5688 Et
