4380 6248
899 394 1045 449 PIPPlNI
1066 392 1334 451 CAPITULARIA.
1879 390 1919 454 33

416 576 544 640 Abeunt
562 603 583 639 α
604 577 709 641 codice
726 588 831 640 nostro
852 577 872 640 2
892 576 1000 660 capitu
1017 576 1162 655 13-25,
1183 597 1246 659 qua
1266 598 1301 638 re
1320 574 1434 638 dmum
1454 574 1599 638 Pertzrim
1623 575 1792 639 Vemenee'a
1812 577 1920 661 capitu

312 703 374 764 pro
394 679 570 764 capitulare
591 678 717 764 duplici
734 677 1205 760 recemuit·etcaprta13-25
1221 699 1282 760 pro
1297 675 1451 739 Petitione
1465 676 1683 762 episcoporum
1703 676 1848 764 (Leqeel.
1859 680 1919 745 578

317 782 398 846 mter
424 780 633 859 maimundo)
659 781 777 844 lubuit.
825 779 891 843 Sed
917 779 1039 842 codices
1064 780 1200 863 paritque
1227 777 1290 841 alii
1311 801 1433 859 ornem,
1454 779 1644 862 praeambit
1666 779 1866 844 Monacensis
1892 794 1921 845 et

316 883 504 967 antiquitate
530 895 560 946 et
581 894 685 946 tactus
709 882 888 945 mbeert'tate
914 893 987 944 cate
1012 892 1128 944 ceteros
1145 879 1312 960 arcellata,
1340 881 1447 964 capita
1463 881 1570 945 1—25
1590 904 1657 943 una
1675 882 1756 945 serie
1775 883 1919 945 contritae

284 995 481 1048 enunieratc
501 984 669 1068 praebent,
696 1007 793 1068 nepte
821 985 855 1045 in
881 981 947 1046 ull>
975 981 1080 1046 coelae
1106 983 1310 1066 cbamptcbne
1336 980 1449 1044 Petitio
1475 981 1692 1067 episcoporum
1718 982 1822 1047 aliisve
1846 997 1920 1047 noto

316 1087 465 1170 capret13
485 1086 526 1148 ob
546 1084 797 1149 antecedentibus
817 1083 1036 1170 distinguitur,
1056 1096 1093 1147 ut
1111 1085 1146 1147 in
1165 1083 1315 1148 Palatino
1335 1083 1511 1148 codicebll
1524 1095 1725 1148 coarctantem
1738 1086 1775 1148 ol
1789 1109 1917 1149 caueam

316 1189 424 1272 capitu
440 1189 478 1253 13
508 1200 538 1251 et
562 1189 723 1272 seqreenteb
750 1185 855 1251 cloccae
881 1186 1062 1266 videantur,
1089 1187 1165 1270 quib
1189 1184 1287 1250 ceder
1311 1187 1346 1248 in
1366 1185 1417 1249 leta
1441 1184 1592 1270 capitulae
1612 1184 1787 1250 collectioni
1800 1185 1918 1272 Diony-

315 1290 426 1353 m'onae
445 1290 595 1353 manca
614 1290 737 1352 crambe
758 1287 881 1352 decebit.

420 1389 598 1455 Gotwtituto
616 1402 692 1453 aunt
711 1390 788 1453 llaec
807 1389 950 1474 capitulo
971 1415 992 1453 c
1007 1390 1188 1454 Galliarum
1209 1390 1366 1474 episcopie
1388 1389 1419 1452 in
1439 1389 1570 1453 concilio
1584 1388 1735 1454 celebrato
1752 1389 1799 1453 acl
1810 1390 1920 1455 Venia

271 1514 299 1552 ro
317 1492 366 1556 cel
390 1492 488 1557 Ver-no
508 1492 672 1582 palantium
694 1493 729 1554 in
754 1491 918 1576 Sequanae
944 1492 1105 1575 inscribere
1131 1494 1205 1576 repe
1225 1493 1366 1575 poaitum
1395 1490 1446 1554 die
1471 1490 1532 1554 XI.
1559 1490 1635 1571 (aton
1652 1491 1707 1555 XI
1711 1492 1745 1573 V,
1770 1505 1808 1555 ut
1831 1493 1921 1577 cpntd

316 1594 487 1674 Pertzricm)
506 1596 624 1658 meram
640 1593 724 1656 Iulii
740 1617 823 1657 anno
838 1594 906 1659 755.
947 1594 1122 1679 Puppienum
1140 1618 1242 1679 repent
1262 1593 1319 1656 loc
1339 1591 1504 1655 concilium
1523 1615 1586 1657 nort
1605 1592 1706 1656 colum
1726 1616 1919 1674 convocasse,

315 1695 375 1760 ced
395 1697 465 1780 apsi
480 1719 599 1780 paceque
620 1696 801 1778 intefuiese
821 1708 851 1759 et
870 1695 1104 1760 deltbcrcb'om's
1119 1708 1242 1779 partem
1265 1695 1412 1757 babuisse
1431 1705 1494 1756 tora
1515 1695 1761 1778 eprcefatione,
1788 1719 1880 1780 macru
1903 1721 1920 1759 e

317 1799 475 1882 capitibus
487 1797 514 1862 6.
532 1798 665 1862 20—22
685 1796 827 1881 cistellepi
850 1796 936 1876 licet,
963 1809 1001 1860 ut
1024 1809 1089 1859 tem
1109 1795 1224 1860 lntllm
1249 1797 1413 1880 epiecopus
1438 1796 1471 1856 in
1497 1795 1630 1878 qrebtole
1652 1796 1789 1880 piladem
1810 1796 1919 1880 (λαβέ,

317 1901 406 1983 epr'st.
421 1898 589 1984 Bonifatii
601 1898 673 1978 114)
694 1911 791 1983 capiet
808 1911 947 1962 noenum
962 1911 1105 1963 octauum
1127 1897 1269 1984 allegans
1285 1897 1414 1982 Pippini
1434 1897 1518 1980 regis
1532 1894 1717 1958 auctoritate
1733 1893 1918 1958 confirmata

271 2025 297 2064 ιε
317 2000 393 2064 baec
412 2003 519 2085 capito
533 2000 648 2082 decere,
669 2024 762 2086 macra
778 1999 918 2063 Karolua
929 2000 1068 2085 Mcpnem
1088 2001 1121 2062 in
1142 1999 1366 2062 ‹mirmm'tionis
1386 2021 1468 2061 anno
1483 1998 1542 2063 789
1562 1997 1682 2061 edictae
1703 2022 1729 2059 c.
1743 1999 1781 2062 81
1804 1998 1919 2081 cope'tir

316 2099 420 2162 nostri
431 2099 469 2162 14
492 2100 675 2163 reremaneret
698 2101 823 2182 factata
846 2102 996 2184 genitoris
1016 2102 1078 2165 urci
1099 2099 1264 2187 synodalia
1284 2099 1387 2163 edicta
1407 2099 1484 2163 llaec
1504 2100 1577 2183 epea
1597 2097 1738 2183 capitula
1757 2101 1919 2161 norrreiuae

316 2222 378 2263 non
399 2201 551 2264 eiriruerito
565 2214 681 2284 posset.
726 2201 868 2266 (lurcones
889 2205 1016 2288 ‹tnb'qui
1032 2205 1066 2266 in
1086 2203 1142 2266 lioc
1162 2201 1292 2266 cormilio
1311 2201 1481 2265 senatulum
1503 2199 1709 2264 collectionem
1726 2199 1917 2278 Quumtellcir-

317 2324 391 2364 nam
413 2300 528 2365 dt’ctcm
550 2302 709 2386 (Append.
731 2304 777 2366 cel
796 2305 910 2368 Leonis
929 2306 975 2368 M.
995 2329 1091 2390 opere
1110 2318 1180 2368 tone.
1204 2304 1268 2366 ΙΙΙ.
1289 2303 1337 2366 ed.
1359 2302 1542 2383 Bcllerirui)
1562 2301 1699 2387 ullepota
1716 2300 1870 2364 veilentmz

1452 2405 1505 2485 (B.
1529 2404 1556 2483 Ῑ,
1581 2404 1651 2477 16Ῑὲ
1671 2403 1708 2467 Ρ.
1730 2403 1758 2482 l,
1778 2405 1839 2477 tt)

718 2625 854 2725 Incipit
879 2626 1046 2725 synodus
1068 2625 1192 2700 Verno
1220 2626 1360 2725 palatio
1386 2627 1517 2700 facta¹.

269 2865 296 2903 a
417 2789 621 2901 sufficerant
642 2837 770 2920 quidem
792 2838 967 2920 priscorum
988 2846 1113 2921 patrum
1134 2838 1276 2918 regulae,
1298 2845 1423 2901 sancme
1441 2835 1608 2900 aecclesiae
1622 2835 1791 2899 catholicae
1813 2837 1920 2899 rectis·

317 2939 416 3002 simae
438 2958 568 3002 normae
597 2939 636 3002 ad
664 2940 845 3003 nronalium
871 2942 1095 3005 correctionem
1122 2939 1273 3023 prolatae,
1303 2941 1329 3002 si
1359 2958 1467 3003 earum
1496 2938 1694 3002 sanctissime
1720 2938 1790 3000 iura
1817 2957 1920 3020 perse·

317 3048 479 3104 vertissent
498 3040 606 3104 inlesa
653 3040 714 3105 Sed
742 3044 817 3126 quia
843 3042 1077 3125 emergentibus
1105 3043 1210 3105 causis
1235 3041 1427 3125 quibusdam
1448 3060 1513 3103 non
1540 3040 1689 3124 congruis
1716 3045 1919 3123 temporaque

317 3143 460 3226 inquieta
480 3144 737 3226 supervenientes
758 3145 902 3227 contigit,
931 3143 1085 3208 nonnulla
1111 3163 1151 3208 ex
1181 3145 1238 3206 hae
1259 3164 1293 3207 re
1320 3143 1515 3227 neglegentia
1541 3144 1674 3206 faciente
1698 3141 1797 3205 irrisae
1824 3143 1920 3204 inter-

317 3245 430 3324 missa,
457 3244 590 3328 ideoque
616 3245 863 3328 gloriosissimus
889 3252 983 3328 atque
1009 3246 1181 3327 relegiosus
1207 3245 1428 3323 inlustravit,
1458 3243 1652 3308 Francorum
1676 3262 1734 3306 rex
1757 3242 1920 3326 Pippinus,

270 3367 298 3407 aa
317 3346 484 3410 universos
504 3366 603 3430 paene
616 3346 788 3410 Galliarum
811 3349 973 3430 episcopos
990 3347 1151 3430 adgregari
1162 3348 1236 3411 fecit
1255 3348 1295 3410 ad
1310 3346 1631 3410 conciliumvemusb
1652 3346 1767 3429 palatio
1785 3344 1921 3428 publico,

317 3467 501 3532 recuperare
522 3448 750 3533 aliquantisper
769 3450 902 3531 cupiens
923 3451 1066 3512 instituta
1087 3451 1247 3534 canonica.
1302 3448 1343 3512 Et
1369 3450 1445 3533 quia
1471 3449 1602 3512 facultas
1629 3448 1723 3511 modo
1753 3467 1817 3510 non
1846 3468 1920 3531 sup

318 3551 394 3634 petit
414 3550 454 3613 ad
475 3551 649 3634 integrum,
672 3559 776 3613 tamen
799 3550 906 3632 aliqua
927 3569 967 3612 err
987 3558 1074 3633 parte
1094 3551 1164 3614 vult
1185 3570 1254 3614 esse
1275 3559 1449 3614 correctum
1466 3550 1551 3634 quod
1573 3550 1741 3614 aecclesiae
1751 3547 1811 3613 Dei
1830 3550 1920 3613 valde

316 3653 477 3735 cognoscit
497 3671 566 3715 csse
588 3653 790 3715 corrtrarium.
832 3651 920 3714 Etsi
942 3659 1082 3735 tempora
1104 3672 1214 3716 serena
1236 3655 1399 3736 spatiaque
1419 3652 1588 3735 tranquilla
1608 3653 1782 3715 divinitus⁰
1802 3651 1919 3715 inierint

316 3755 345 3817 ei
367 3753 506 3830 conlata,
532 3754 620 3836 eupit
647 3752 685 3815 ad
714 3753 843 3836 plenum
869 3754 1044 3817 secundum
1072 3765 1252 3820 sanctornm
1280 3774 1433 3827 cananea,
1460 3755 1586 3838 plenius
1611 3754 1784 3837 opitulante
1811 3754 1918 3816 divina

270 3880 298 3918 ao
316 3856 433 3938 gratia,
465 3856 595 3932 melina,
624 3854 791 3939 perfectius
821 3856 1005 3939 integreque
1033 3858 1160 3920 inantea
1190 3875 1383 3920 ctsnservare.
1431 3855 1471 3919 Et
1498 3876 1571 3920 curu
1600 3857 1643 3919 ita
1669 3856 1788 3919 facttum
1815 3856 1919 3934 fuerit,

316 3963 439 4020 cessent
469 3957 545 4020 haec
575 3976 656 4041 (quae
684 3958 868 4020 necessitate
899 3964 1028 4040 cogente
1057 3978 1097 4022 ex
1126 3961 1224 4022 sacris
1256 3957 1431 4022 canonibus
1464 3960 1628 4023 remissius
1656 3965 1732 4021 sunt
1763 3966 1918 4041 excerpta,

317 4059 485 4122 maneant
505 4060 641 4142 praefata
658 4060 729 4122 iura
756 4061 907 4122 canonica
927 4059 1109 4124 firmissima
1137 4063 1259 4145 integra
1279 4070 1375 4144 atque
1403 4062 1594 4125 intemerata.
1636 4059 1772 4123 Tamen⁰
1793 4060 1918 4122 interim

317 4161 402 4244 quod
423 4161 537 4226 melius
557 4182 744 4244 possumus,
772 4162 848 4225 haec
869 4163 1056 4226 inconvulsa
1078 4172 1172 4247 atque
1193 4164 1343 4227 inviolata
1370 4182 1439 4227 esse
1464 4164 1619 4246 cupimus.
1666 4160 1812 4245 Ipsarum
1833 4162 1917 4224 enim

317 4281 441 4342 rerum,
474 4282 555 4345 quae
586 4282 641 4345 pro
672 4272 777 4325 nostra
813 4265 1031 4328 emendatione
1061 4285 1230 4330 commune
1264 4275 1339 4330 sant
1365 4266 1499 4349 prolata,
1529 4283 1584 4348 per
1611 4264 1757 4327 distincta
1784 4262 1918 4345 capinrla

270 4387 298 4428 aa
317 4363 427 4427 subter
454 4372 607 4428 tenuntur
634 4367 759 4428 inserta.
807 4365 891 4429 Dat‘
912 4365 971 4429 VJ
997 4366 1074 4431 Idus
1101 4366 1191 4442 Iulii,
1222 4388 1306 4431 anno
1334 4375 1446 4451 quarto
1472 4367 1638 4449 regnantel
1665 4365 1781 4429 domno
1811 4373 1918 4427 nostro

317 4463 451 4548 Pippino
470 4466 694 4549 gloriosissimo
715 4469 815 4550 reget.

418 4566 491 4651 Cap.
514 4571 539 4632 1.
582 4568 625 4632 Ut
642 4571 779 4652 episcopi
800 4568 935 4633 debcant
955 4590 1023 4634 esse
1043 4570 1262 4654 persingulas
1283 4572 1433 4633 civimtcs.

417 4671 446 4734 2.
488 4669 660 4755 Episcopos
683 4692 763 4753 (quos
788 4673 834 4734 in*
864 4673 964 4735 vicem
993 4674 1305 4757 metropolitanorum
1331 4674 1570 4749 constituimus,
1598 4680 1632 4734 ut
1660 4672 1754 4735 ceteri
1781 4671 1919 4753 episcopi

319 4772 394 4854 ipsis
416 4773 449 4834 in
470 4772 619 4836 omuibus
642 4772 808 4836 oboediant
829 4775 1005 4837 secundum
1018 4777 1202 4837 canonicam
1215 4775 1475 4849 institutionem&
1497 4774 1620 4836 interim
1640 4773 1725 4855 quod
1742 4773 1917 4836 secundum

271 4891 300 4929 ιο
317 4874 501 4937 canonicam
521 4876 776 4938 constitutionem
799 4876 857 4939 hcc
877 4878 1003 4960 plenius
1023 4877 1237 4940 emendamus.

417 4977 446 5041 3.
492 4975 532 5039 Ut
553 4979 776 5059 unusquisque
797 4980 1013 5062 episcoporum
1037 4985 1221 5062 potestatem
1243 4977 1354 5041 habeat
1370 4980 1402 5040 in
1420 4999 1477 5041 sua
1498 4977 1676 5060 parrochia,
1696 4984 1760 5040 tam
1781 4976 1820 5039 de
1835 4976 1917 5039 clerc

318 5096 415 5160 quam
436 5077 474 5142 de
486 5077 685 5161 regularibus
697 5079 745 5142 vel
761 5079 970 5159 secularibus
991 5081 1029 5143 ad
1045 5081 1274 5163 corregeudum
1290 5088 1320 5143 et
1335 5079 1567 5144 emendandum
1585 5078 1759 5142 secuudum
1775 5078 1915 5141 ordinem

317 5181 517 5243 canonicam¹
538 5181 696 5264 spiritale,
719 5189 754 5244 ut
775 5183 819 5245 sic
840 5183 950 5245 vivant
971 5184 1105 5264 qualiter
1125 5180 1191 5246 Dco
1212 5182 1334 5265 placere
1358 5183 1485 5265 possint.

417 5412 445 5477 a)
465 5411 504 5464 itc
519 5411 552 5479 33
572 5410 676 5482 Incipit
695 5411 844 5465 concilium
866 5413 940 5482 qumi
960 5412 1066 5467 factum
1081 5413 1135 5467 fuit
1151 5414 1186 5467 ad
1200 5414 1332 5484 [ralatium
1347 5412 1440 5467 uernis
1450 5410 1476 5464 4.
1486 5411 1510 5465 5.
1544 5412 1577 5465 In
1587 5410 1698 5465 uomiue
1711 5410 1765 5464 Dci
1777 5410 1918 5477 srrrnmi13

272 5502 301 5542 la
318 5491 456 5562 emptio
475 5490 584 5545 deestl.
665 5491 1033 5561 btu0n1033uemis45.
1114 5497 1140 5562 c)
1161 5493 1265 5547 diutius
1279 5494 1327 5563 ¹2„
1385 5491 1414 5561 d)
1437 5499 1620 5562 maneantque
1633 5489 1658 5544 4.
1667 5490 1692 5545 5.
1773 5490 1799 5559 e)
1821 5488 1917 5544 etta.

317 5568 599 5642 ftSubscriptioncm
620 5590 672 5626 om.
686 5569 711 5624 4.
722 5570 748 5625 ὃ.
827 5572 856 5644 g)
878 5572 914 5627 11.
925 5571 950 5626 2.
1011 5572 1041 5644 h)
1062 5590 1130 5645 regu
1150 5572 1325 5643 suprascript
1344 5573 1456 5643 glories.
1475 5572 1591 5643 pippino
1610 5589 1675 5642 rege
1687 5572 1712 5624 3.
1793 5570 1814 5637 i)
1835 5570 1917 5624 ruodo

319 5649 347 5704 iu
361 5649 394 5721 ὃς
405 5652 529 5720 sortasse
548 5653 631 5708 modo
651 5651 991 5722 &condemnatique
1011 5652 1106 5725 cepl.
1181 5651 1211 5707 kt
1232 5653 1305 5705 ‹leeat
1320 5653 1344 5706 1.
1412 5655 1433 5721 1>
1454 5653 1618 5707 carrenicum
1640 5649 1896 5722 spiritalem3-5.

372 5770 414 5812 Ηι.
430 5772 614 5812 cmwmu
630 5773 649 5812 1.
1701 5761 1718 5810 5
