4418 6226
879 386 888 398 .
944 352 1058 408 LIBER
1078 351 1282 411 SECUNDUS.
1863 355 1923 420 421

316 533 365 596 vel
395 532 695 616 orphanotrophium
721 530 772 595 vel
804 532 1098 615 gerontochomium
1126 529 1177 593 vel
1207 527 1485 613 brephotrophium
1522 531 1569 594 vel
1606 534 1833 596 monasterium
1860 540 1924 598 tam

315 634 542 698 monachorum
553 653 651 716 quam
662 632 965 713 sanctimonialium,
985 631 1262 697 archimandritam
1275 631 1395 696 habens
1406 631 1457 696 vel
1468 633 1841 698 archimandritissam—
1851 655 1924 720 ergo

316 737 365 800 his
387 734 536 800 omnibus
558 755 623 799 non
644 734 736 798 liceat
755 734 892 798 alienare
912 755 979 797 rem
999 734 1210 813 immobilem,
1236 734 1303 797 sive
1328 734 1458 797 domurn
1481 735 1548 798 sive
1569 755 1681 816 agrum
1710 737 1777 799 sire
1798 737 1925 801 hortum

316 840 384 902 sive
404 839 561 902 rusticum
580 837 776 920 mancipium
796 837 848 900 vel
870 855 967 920 panes
977 837 1100 917 civiles,
1120 854 1227 919 neque
1238 835 1445 900 creditoribus
1467 837 1610 919 specialis
1622 838 1813 921 hypothecae
1834 840 1925 904 titulo

276 966 291 1006 s
316 939 463 1024 obligare.
503 939 714 1003 Alienationis
727 943 835 1002 autem
850 938 984 1003 verbum
1003 941 1162 1003 contineat
1176 937 1406 1017 venditionem,
1427 939 1642 1017 donationem,
1662 943 1925 1024 permutationem

317 1047 348 1106 et
378 1041 633 1125 emphitheuseos
666 1045 854 1125 perpetuum
885 1045 1088 1104 contractum.
1140 1039 1200 1104 Sed
1233 1059 1344 1104 omnes
1377 1042 1506 1104 omnino
1539 1042 1715 1106 sacerdotes
1743 1043 1925 1108 huiusmodi

316 1145 505 1208 alienatione
526 1141 718 1223 abstineant,
743 1162 862 1227 poenas
887 1143 1034 1206 timentes
1055 1162 1135 1225 quas
1155 1141 1316 1206 leoniana
1334 1143 1516 1206 constitutio
1542 1144 1696 1225 minatur,
1721 1145 1753 1208 id
1775 1152 1823 1210 est
1843 1156 1879 1210 ut
1899 1148 1926 1210 is

317 1247 446 1330 quidem
469 1247 525 1329 qui
545 1246 774 1329 comparaverit
792 1263 861 1308 rem
882 1244 950 1308 loco
973 1242 1144 1308 venerabili
1163 1244 1273 1309 reddat
1293 1246 1386 1308 cuius
1406 1251 1436 1307 et
1455 1251 1546 1308 antea
1567 1246 1686 1328 fuerat,
1715 1248 1833 1313 scilicet
1852 1269 1926 1313 cum

317 1349 473 1414 fructibus
494 1349 629 1432 aliisque
651 1348 874 1413 emolumentis
895 1367 976 1430 quae
1002 1348 1036 1410 in
1061 1348 1164 1411 medio
1186 1354 1325 1430 tempore
1352 1347 1433 1410 facta
1458 1354 1547 1426 sunt3
1579 1349 1795 1430 hyconomum
1820 1358 1926 1416 autem

280 1472 306 1511 ιο
318 1453 467 1517 ecclesiae
488 1458 647 1536 praestare
668 1470 762 1515 omne
783 1451 924 1530 lucrum,
954 1450 1038 1533 quod
1060 1468 1099 1513 ex
1121 1449 1304 1513 huiusmodi
1333 1448 1487 1532 prohibita
1518 1450 1706 1516 alienatione
1727 1456 1859 1517 senserit
1876 1455 1926 1518 vel

319 1554 482 1618 ecclesiam
504 1553 620 1616 damno
641 1552 791 1632 effecerit,
820 1555 864 1616 ita
892 1554 982 1616 utin
1003 1558 1164 1636 posterum
1185 1551 1384 1632 hyconomus
1411 1572 1476 1615 non
1503 1554 1550 1616 sit.
1597 1552 1669 1617 Non
1697 1555 1801 1619 solnm
1820 1565 1927 1621 autem

319 1658 398 1740 ipse,
419 1656 474 1720 sed
495 1657 590 1719 etiam
612 1674 809 1719 successores
829 1656 898 1718 eius
919 1660 1098 1734 teneantur,
1128 1655 1196 1717 sive
1215 1654 1283 1736 ipse
1304 1654 1557 1734 archyconomus
1579 1657 1774 1738 alienaverit,
1794 1661 1860 1723 sive
1880 1679 1927 1723 re-

319 1759 454 1842 spiciens
474 1758 666 1821 alienantem
677 1759 859 1840 episcopum
871 1777 935 1819 non
947 1756 1154 1839 prohibuerit3
1177 1756 1278 1819 multo
1302 1757 1404 1839 magis
1425 1758 1452 1820 si
1473 1761 1675 1822 consenserit
1714 1760 1926 1825 Tabellionem

319 1867 441 1941 autern,
468 1861 524 1943 qui
545 1860 620 1924 talia
639 1860 804 1923 interdicta
828 1865 1003 1923 strumenta
1029 1859 1230 1942 conscripsit,
1256 1866 1407 1942 perpetuo
1432 1860 1527 1923 exilio
1554 1861 1634 1923 tradi
1660 1868 1786 1944 oportet
1828 1863 1927 1947 Magi-

281 1992 307 2031 rs
320 1969 436 2027 stratus
458 1968 578 2042 autern,
606 1964 662 2045 qui
692 1961 802 2026 eadem
822 1967 999 2025 strumenta
1017 1961 1214 2024 admiserunt
1239 1967 1271 2024 et
1291 1960 1454 2041 officiales,
1483 1964 1538 2045 qui
1564 1982 1689 2046 operam
1716 1964 1870 2029 dedenmt
1891 1976 1928 2030 ut

322 2067 535 2128 monumentis
557 2066 745 2127 intimentur
765 2062 964 2142 donationes,
986 2063 1035 2125 vel
1057 2069 1178 2125 ceterae
1197 2062 1401 2126 alienationes
1423 2065 1500 2126 actis
1510 2064 1795 2130 intervenientibus
1814 2067 1928 2130 confir·

319 2174 463 2246 mentun,
485 2187 549 2229 non
574 2167 678 2231 solum
701 2166 888 2248 magistratu
909 2165 963 2227 sed
985 2165 1080 2227 etiam
1101 2163 1252 2247 dignitate
1273 2171 1304 2228 et
1325 2164 1526 2229 facultatibus
1547 2168 1614 2229 suis
1625 2167 1743 2230 cedant.
1785 2167 1928 2232 Remittit

318 2276 425 2334 autem
443 2270 626 2333 constitutio
648 2288 685 2332 ea
707 2286 788 2350 qnae
810 2268 844 2329 in
865 2267 1030 2350 praeterito
1050 2272 1189 2349 tempore
1209 2274 1279 2330 acta
1300 2275 1390 2346 sunt3
1413 2269 1530 2351 excipit
1550 2276 1655 2332 autern
1679 2271 1833 2352 quosdam
1854 2291 1928 2334 con-

319 2378 453 2451 tractus,
481 2391 562 2455 quos
590 2368 849 2453 insequentibus
870 2369 1000 2452 exponit
1028 2368 1173 2451 capitulis
1194 2388 1249 2451 per
1277 2389 1358 2452 quos
1385 2377 1416 2432 et
1442 2370 1646 2434 ecclesiarum
1674 2372 1851 2437 immobiles
1877 2393 1928 2437 res

278 2501 307 2540 20
320 2475 449 2538 alienari
471 2479 613 2557 possrmt.
656 2471 931 2540 Exenodochium,
950 2470 982 2532 id
1004 2477 1051 2533 est
1070 2470 1159 2534 locus
1180 2470 1368 2534 venerabilis
1386 2473 1419 2533 in
1441 2492 1504 2555 quo
1525 2475 1682 2556 peregrini
1704 2477 1928 2558 suscipiuntur.

321 2575 617 2658 Ptochotrophium,
639 2574 670 2636 id
692 2579 740 2637 est
760 2573 849 2636 locus
863 2572 1052 2635 venerabilis
1072 2573 1106 2634 in
1130 2591 1193 2655 quo
1216 2592 1369 2656 pauperes
1390 2582 1421 2637 et
1441 2574 1559 2638 infirmi
1580 2576 1725 2640 homines
1745 2584 1926 2660 pascuntur.

320 2676 583 2755 Nosochomium,
614 2676 646 2738 id
677 2683 725 2738 est
750 2675 840 2738 locus
870 2673 1059 2737 venerabilis
1089 2675 1124 2736 in
1156 2693 1220 2757 quo
1248 2676 1366 2758 aegroti
1394 2675 1538 2740 homines
1562 2685 1722 2741 curantur.
1766 2676 1929 2761 Orphane-

320 2778 495 2861 trophium,
522 2778 553 2841 id
580 2784 628 2841 est
653 2777 741 2840 locus
769 2775 958 2840 venerabilis
983 2777 1018 2839 in
1040 2795 1103 2859 quo
1124 2775 1307 2859 parentibus
1334 2776 1434 2839 orbati
1463 2780 1553 2861 pueri
1580 2784 1762 2860 pascuntur.
1810 2780 1929 2843 Geron·

321 2881 530 2947 tochomium.
550 2880 584 2942 id
604 2885 652 2943 est
670 2880 759 2943 locus
780 2878 969 2943 venerabilis
990 2880 1024 2941 in
1041 2896 1105 2961 quo
1121 2896 1275 2962 pauperes
1286 2886 1317 2942 et
1330 2885 1456 2963 propter
1477 2885 1670 2943 senectutem
1692 2881 1791 2944 solam
1811 2882 1929 2945 infirmi

280 3010 308 3048 aa
321 2984 467 3047 homines
487 2989 648 3046 curantur.
690 2980 991 3063 Brephotrophinm,
1011 2980 1043 3043 id
1066 2988 1114 3045 est
1135 2981 1224 3046 locus
1245 2981 1433 3045 venerabilis
1453 2982 1485 3044 in
1509 3002 1572 3065 quo
1594 2982 1731 3048 infantes
1749 2985 1888 3048 aluntru.

420 3086 467 3150 30.
511 3080 562 3146 De
581 3082 635 3147 hoc
660 3082 809 3164 cuonrado
829 3081 921 3145 liceat
940 3082 984 3145 ad
1005 3081 1219 3162 imperotores
1240 3102 1289 3145 res
1309 3082 1411 3145 sancti
1430 3081 1488 3146 loci-
1508 3086 1690 3166 transferre.
1731 3085 1765 3151 Si
1785 3088 1930 3171 princeps

325 3188 460 3252 voluerit
480 3206 548 3250 rem
567 3186 761 3250 immobilem
783 3192 890 3249 sancto
911 3184 979 3248 loco
1000 3191 1157 3269 praestare
1182 3192 1214 3249 et
1232 3187 1373 3270 accipere
1401 3184 1441 3250 ab
1463 3205 1499 3250 eo
1521 3187 1614 3251 aliam
1646 3188 1841 3253 immobilem
1862 3209 1930 3254 rem

321 3296 352 3353 et
373 3309 410 3353 eo
431 3290 524 3352 modo
545 3290 809 3372 permutationem
831 3289 1028 3368 contrahere,
1055 3287 1146 3351 liceat
1173 3287 1232 3350 hoc
1251 3289 1353 3351 tacere
1373 3289 1402 3352 ei
1429 3288 1537 3351 divina
1557 3293 1747 3372 pragmatica
1769 3293 1930 3355 sanctione

320 3392 360 3455 ab
377 3411 414 3455 eo
435 3391 640 3474 promulgata.

281 3523 309 3561 ao
421 3495 469 3558 31.
511 3492 560 3555 De
579 3490 730 3571 orphanis
758 3493 787 3553 at
811 3488 1028 3553 ethereditotis
1053 3489 1305 3554 mcbcenieadrrov.
1345 3492 1477 3576 Propter
1503 3495 1596 3557 istius
1623 3495 1729 3577 itaque
1749 3496 1835 3578 pacis
1855 3514 1929 3558 con-

322 3597 461 3659 cordiam
481 3595 730 3659 conservandam
751 3593 869 3677 placuit
895 3592 987 3657 nobis
1014 3593 1052 3656 de
1078 3593 1195 3657 orfanis
1219 3602 1250 3657 et
1278 3595 1482 3678 pauperibus
1510 3596 1565 3679 qui
1591 3594 1693 3659 debite
1721 3596 1771 3659 vel
1792 3595 1929 3660 indebite

324 3699 475 3761 dicuntur
495 3697 638 3760 amisisse
657 3696 860 3759 hereditatem
889 3697 1011 3779 paterni
1037 3695 1088 3758 vel
1113 3697 1248 3759 materni
1268 3697 1348 3760 iuris
1371 3696 1410 3759 ad
1436 3715 1471 3760 se
1496 3696 1620 3781 legibus
1648 3699 1871 3780 pertinentem:
1902 3701 1929 3760 si

323 3800 439 3863 alicubi
468 3800 590 3862 inventi
621 3798 739 3862 luerint
769 3817 850 3880 quos
880 3803 983 3880 patres
1013 3798 1065 3861 vel
1095 3804 1210 3861 matres
1236 3805 1361 3882 propter
1388 3800 1572 3864 traditiones
1606 3800 1732 3863 illorum
1760 3801 1929 3865 exheredes

325 3902 483 3981 feceruut,
511 3902 645 3965 aliorum
668 3899 786 3963 scilicet
806 3899 1010 3963 suasionibus
1031 3905 1086 3963 aut
1105 3900 1311 3984 petitionibus
1331 3901 1382 3964 vel
1402 3901 1509 3984 aliquo
1529 3903 1670 3985 ingenio,
1692 3905 1820 3967 omnino
1842 3904 1932 3967 rolu-

283 4032 311 4070 as
327 4024 400 4067 mus
419 4008 514 4086 atque
534 4003 731 4065 decrevimus
753 4001 929 4075 emendari,
959 4008 1115 4084 quantum
1139 4002 1178 4064 ad
1200 4022 1258 4066 nos
1280 4003 1330 4066 vel
1357 4003 1397 4066 ad
1418 4011 1558 4066 nostiam
1587 4005 1720 4087 pertinet
1739 4012 1932 4088 potestatem,

326 4108 418 4169 iuxta
437 4105 633 4168 voluntatem
652 4101 711 4166 Dei
731 4110 762 4166 et
783 4109 919 4167 vestram
941 4110 1082 4166 sanctam
1101 4106 1359 4169 ammonitionem
1380 4112 1412 4169 et
1431 4105 1728 4183 considerationem
1750 4110 1787 4168 at
1807 4109 1834 4171 si
1855 4108 1933 4172 torte

325 4213 415 4272 extre
435 4206 575 4270 officium
597 4210 740 4268 nostrum
753 4205 869 4269 alieubi
887 4206 1052 4268 inventum
1065 4205 1167 4286 fuerit
1187 4226 1368 4272 ammonere
1378 4214 1515 4271 vestram
1531 4208 1730 4272 clementiam
1749 4210 1933 4288 audeamus,

326 4317 361 4373 ut
379 4309 572 4373 emendetur.

424 4413 473 4477 32.
513 4410 564 4474 Dc
581 4409 673 4473 rebus
686 4429 869 4491 parmenam
889 4406 937 4471 vel
955 4408 1063 4471 nanus
1075 4411 1238 4488 potentum
1261 4408 1347 4472 molo
1365 4410 1595 4475 wcasioaenen
1617 4412 1760 4475 eruendis.
1803 4412 1933 4497 Propter

282 4538 312 4578 ro
327 4515 522 4599 provisiones
545 4533 735 4598 pauperum,
763 4532 819 4596 pro
847 4511 966 4595 quibus
993 4530 1103 4575 curam
1124 4511 1239 4576 habere
1258 4512 1425 4593 debemuS,
1450 4513 1568 4597 placuit
1592 4513 1699 4595 nobis,
1726 4522 1762 4579 ut
1785 4534 1845 4579 nee
1870 4518 1934 4599 epi·

329 4619 416 4702 scopi
439 4636 497 4680 uec
518 4615 648 4680 abbates
669 4634 728 4679 nec
750 4616 880 4678 comites
900 4633 957 4678 nec
978 4615 1087 4677 vicarii
1108 4632 1168 4677 nec
1187 4614 1308 4678 iudices
1317 4615 1490 4699 nullusque
1511 4619 1640 4680 omnino
1663 4616 1722 4680 sub
1744 4617 1827 4680 mala
1846 4637 1934 4680 occa·

327 4722 415 4784 sione
444 4718 494 4782 vel
520 4718 604 4782 malo
631 4719 758 4802 ingenio
784 4736 835 4780 res
862 4734 1038 4800 pauperum
1064 4716 1116 4779 vel
1142 4717 1250 4780 minus
1275 4723 1438 4799 potentum
1466 4737 1524 4781 nec
1552 4737 1657 4782 emere
1684 4738 1743 4782 nec
1768 4721 1800 4782 vi
1826 4719 1934 4783 tollere

327 4822 454 4899 audeat3
478 4820 532 4884 sed
554 4821 701 4904 quisquis
723 4837 763 4883 ex
781 4821 827 4882 eis
848 4818 968 4902 aliquid
988 4837 1169 4902 comparare
1181 4818 1329 4893 voluerit,
1350 4820 1384 4882 in
1403 4819 1529 4903 publico
1551 4821 1664 4904 placito
1685 4840 1790 4885 coram
1812 4822 1934 4885 idoneis

327 4924 462 4987 testibus
483 4931 608 4986 etcum
630 4923 751 4985 ratione
772 4922 831 4984 hoc
859 4921 958 4983 faciat
1008 4919 1211 5004 Ubicumque
1237 4928 1343 4986 autem
1370 4921 1459 4986 aliter
1486 4925 1652 4988 inventum
1679 4924 1933 5004 hierit,factun1

282 5049 312 5088 aa
325 5027 384 5089 hoc
407 5026 536 5089 omnino
559 5023 745 5088 emendetur
764 5042 820 5107 per
839 5023 1012 5086 iussionem
1032 5028 1192 5085 vestram.⁸

425 5244 452 5314 a)
480 5250 602 5302 nostram
615 5244 831 5298 nonnullicodd.
863 5243 976 5298 Codices
987 5242 1086 5295 Bomd.
1096 5243 1163 5295 Pur.
1171 5240 1258 5313 4638,
1271 5259 1323 5300 rec.
1334 5261 1431 5296 mortua
1440 5244 1468 5296 iu
1482 5246 1544 5297 cod.
1559 5246 1625 5299 Par.
1636 5247 1733 5301 10758
1745 5251 1802 5303 duo
1813 5252 1934 5322 capitulo

328 5325 507 5392 hicimmnt,
519 5325 729 5395 qarocBaluzr'ua
739 5325 769 5378 a‘n
774 5323 900 5393 Anacprssai
908 5323 1051 5376 editrbncm
1063 5323 1169 5393 recesst,
1180 5322 1219 5375 iar
1230 5322 1343 5376 addan:
1351 5322 1398 5379 33.
1420 5322 1749 5388 Qualiteriuatitiaatiant
1758 5330 1935 5402 pauperibus.

329 5405 373 5461 Dc
384 5406 474 5461 causis
485 5406 638 5474 viduarum,
649 5405 828 5476 pupillorum,
839 5403 998 5460 orfanorum
1007 5402 1052 5457 vel
1059 5403 1228 5473 reliquorum
1237 5421 1403 5474 pauperum:
1416 5411 1448 5458 ut
1459 5403 1587 5476 inprime
1598 5415 1735 5462 conventu
1744 5417 1808 5465 ante
1815 5411 1934 5465 mediam

328 5485 402 5540 diem
417 5486 527 5540 illorum
542 5485 613 5540 ratio
632 5485 677 5539 vel
696 5486 809 5555 querela
826 5484 955 5539 audietur
965 5490 994 5538 et
1005 5481 1172 5548 diffiniatur,
1191 5489 1294 5554 etpost
1307 5483 1425 5539 mediam
1440 5484 1513 5540 diem
1528 5504 1611 5542 causa
1623 5487 1700 5560 regia
1712 5496 1740 5543 ct
1757 5489 1934 5545 eeclesiarum

284 5588 313 5629 ω
327 5565 372 5621 vel
384 5573 529 5637 potentum
544 5565 702 5634 hominum3
717 5565 784 5636 quia
791 5566 843 5638 ipsi
854 5581 989 5636 pauperes
1001 5581 1057 5618 non
1070 5562 1173 5618 habent
1181 5561 1352 5631 facultatem,
1363 5565 1436 5619 uude
1448 5573 1601 5624 sustentare
1610 5568 1753 5638 (suscitare
1765 5569 1825 5640 alii)
1834 5588 1864 5626 se
1874 5588 1937 5642 pos-

329 5646 392 5716 sint,
405 5647 493 5701 donec
510 5646 546 5700 ad
560 5663 655 5700 eorum
674 5647 837 5717 perveniant
847 5645 990 5714 iustitiam,
1004 5651 1033 5699 et
1043 5643 1106 5699 ideo
1115 5649 1207 5698 tantos
1220 5643 1354 5700 clamores
1366 5644 1473 5700 faciunt
1484 5648 1520 5702 ad
1529 5666 1610 5705 aures
1622 5657 1737 5705 nostras
1765 5649 1813 5706 34.
1825 5650 1869 5707 De
1880 5650 1937 5705 illis

388 5759 431 5798 ra.
448 5758 632 5798 cnrrrunanu
650 5758 668 5801 r.
1700 5747 1736 5800 ⁵4
