<?xml version="1.0" encoding="UTF-8"?>
<!DOCTYPE html PUBLIC "-//W3C//DTD XHTML 1.0 Transitional//EN"
    "http://www.w3.org/TR/xhtml1/DTD/xhtml1-transitional.dtd">
<html xmlns="http://www.w3.org/1999/xhtml" xml:lang="en" lang="en">
 <head>
  <title>
</title>
<meta http-equiv="Content-Type" content="text/html;charset=utf-8" />
  <meta name='ocr-system' content='tesseract 3.04.00' />
  <meta name='ocr-capabilities' content='ocr_page ocr_carea ocr_par ocr_line ocrx_word'/>
</head>
<body>
  <div class='ocr_page' id='page_1' title='image "./monumentagerman00goog_0288.png"; bbox 0 0 4418 6226; ppageno 0'>
   <div class='ocr_carea' id='block_1_1' title="bbox 886 385 1917 451">
    <p class='ocr_par' dir='ltr' id='par_1_1' title="bbox 886 385 1917 451">
     <span class='ocr_line' id='line_1_1' title="bbox 886 385 1917 451; baseline 0.009 -9"><span class='ocrx_word' id='word_1_1' title='bbox 886 387 1148 444; x_wconf 79' lang='lat' dir='ltr'>CAPITULARIA</span> <span class='ocrx_word' id='word_1_2' title='bbox 1169 387 1348 442; x_wconf 75' lang='lat' dir='ltr'>alt—827.</span> <span class='ocrx_word' id='word_1_3' title='bbox 1859 385 1917 451; x_wconf 59' lang='lat'>231</span> 
     </span>
    </p>
   </div>
   <div class='ocr_carea' id='block_1_2' title="bbox 314 563 1920 853">
    <p class='ocr_par' dir='ltr' id='par_1_2' title="bbox 314 563 1920 853">
     <span class='ocr_line' id='line_1_2' title="bbox 314 563 1919 649; baseline 0.001 -21"><span class='ocrx_word' id='word_1_4' title='bbox 314 567 348 628; x_wconf 95' lang='lat' dir='ltr'>in</span> <span class='ocrx_word' id='word_1_5' title='bbox 370 566 463 629; x_wconf 93' lang='lat' dir='ltr'>cuius</span> <span class='ocrx_word' id='word_1_6' title='bbox 483 571 634 649; x_wconf 83' lang='lat' dir='ltr'>potestate</span> <span class='ocrx_word' id='word_1_7' title='bbox 647 565 792 628; x_wconf 91' lang='lat' dir='ltr'>ornnium</span> <span class='ocrx_word' id='word_1_8' title='bbox 808 565 878 627; x_wconf 92' lang='lat' dir='ltr'>iura</span> <span class='ocrx_word' id='word_1_9' title='bbox 897 582 1067 647; x_wconf 88' lang='lat' dir='ltr'>regnorum</span> <span class='ocrx_word' id='word_1_10' title='bbox 1084 565 1264 627; x_wconf 88' lang='lat' dir='ltr'>oonsistrrnt</span> <span class='ocrx_word' id='word_1_11' title='bbox 1277 565 1520 627; x_wconf 81' lang='lat' dir='ltr'>incurreremus.</span> <span class='ocrx_word' id='word_1_12' title='bbox 1563 563 1683 628; x_wconf 81' lang='lat' dir='ltr'>Idcirco</span> <span class='ocrx_word' id='word_1_13' title='bbox 1705 568 1919 630; x_wconf 86' lang='lat' dir='ltr'>necessarium</span> 
     </span>
     <span class='ocr_line' id='line_1_3' title="bbox 316 664 1920 750; baseline 0.001 -19"><span class='ocrx_word' id='word_1_14' title='bbox 316 668 483 746; x_wconf 82' lang='lat' dir='ltr'>duximus,</span> <span class='ocrx_word' id='word_1_15' title='bbox 510 676 547 730; x_wconf 90' lang='lat' dir='ltr'>ut</span> <span class='ocrx_word' id='word_1_16' title='bbox 567 668 695 731; x_wconf 90' lang='lat' dir='ltr'>ieiuniis</span> <span class='ocrx_word' id='word_1_17' title='bbox 716 672 747 730; x_wconf 91' lang='lat' dir='ltr'>et</span> <span class='ocrx_word' id='word_1_18' title='bbox 765 664 960 730; x_wconf 88' lang='lat' dir='ltr'>orationibus</span> <span class='ocrx_word' id='word_1_19' title='bbox 982 673 1013 728; x_wconf 92' lang='lat' dir='ltr'>et</span> <span class='ocrx_word' id='word_1_20' title='bbox 1033 665 1280 729; x_wconf 88' lang='lat' dir='ltr'>elemosinarum</span> <span class='ocrx_word' id='word_1_21' title='bbox 1306 665 1526 749; x_wconf 84' lang='lat' dir='ltr'>largitionibus</span> <span class='ocrx_word' id='word_1_22' title='bbox 1546 666 1630 750; x_wconf 92' lang='lat' dir='ltr'>apud</span> <span class='ocrx_word' id='word_1_23' title='bbox 1650 666 1742 730; x_wconf 91' lang='lat' dir='ltr'>illum</span> <span class='ocrx_word' id='word_1_24' title='bbox 1764 667 1920 733; x_wconf 83' lang='lat' dir='ltr'>obtinere-</span> 
     </span>
     <span class='ocr_line' id='line_1_4' title="bbox 315 765 1920 853; baseline 0 -20"><span class='ocrx_word' id='word_1_25' title='bbox 315 790 388 833; x_wconf 91' lang='lat' dir='ltr'>mus</span> <span class='ocrx_word' id='word_1_26' title='bbox 406 769 491 852; x_wconf 88' lang='lat' dir='ltr'>quod</span> <span class='ocrx_word' id='word_1_27' title='bbox 510 776 617 833; x_wconf 88' lang='lat' dir='ltr'>nostra</span> <span class='ocrx_word' id='word_1_28' title='bbox 637 768 804 832; x_wconf 87' lang='lat' dir='ltr'>infirmitas</span> <span class='ocrx_word' id='word_1_29' title='bbox 824 787 889 831; x_wconf 94' lang='lat' dir='ltr'>non</span> <span class='ocrx_word' id='word_1_30' title='bbox 909 765 1137 852; x_wconf 81' lang='lat' dir='ltr'>praesumebat.</span> <span class='ocrx_word' id='word_1_31' title='bbox 1179 766 1304 843; x_wconf 83' lang='lat' dir='ltr'>Quibus</span> <span class='ocrx_word' id='word_1_32' title='bbox 1323 771 1383 832; x_wconf 92' lang='lat' dir='ltr'>rite</span> <span class='ocrx_word' id='word_1_33' title='bbox 1403 787 1458 853; x_wconf 90' lang='lat' dir='ltr'>per</span> <span class='ocrx_word' id='word_1_34' title='bbox 1480 768 1623 832; x_wconf 91' lang='lat' dir='ltr'>triduum</span> <span class='ocrx_word' id='word_1_35' title='bbox 1640 767 1817 848; x_wconf 91' lang='lat' dir='ltr'>celebratis,</span> <span class='ocrx_word' id='word_1_36' title='bbox 1837 775 1920 833; x_wconf 89' lang='lat' dir='ltr'>nutu</span> 
     </span>
    </p>
   </div>
   <div class='ocr_carea' id='block_1_3' title="bbox 278 870 1929 5037">
    <p class='ocr_par' dir='ltr' id='par_1_3' title="bbox 278 870 1929 5037">
     <span class='ocr_line' id='line_1_5' title="bbox 316 870 1920 955; baseline -0.001 -20"><span class='ocrx_word' id='word_1_37' title='bbox 316 873 539 955; x_wconf 90' lang='lat' dir='ltr'>omnipotentis</span> <span class='ocrx_word' id='word_1_38' title='bbox 558 870 634 951; x_wconf 91' lang='lat' dir='ltr'>Dei,</span> <span class='ocrx_word' id='word_1_39' title='bbox 656 877 691 935; x_wconf 91' lang='lat' dir='ltr'>ut</span> <span class='ocrx_word' id='word_1_40' title='bbox 710 872 884 950; x_wconf 87' lang='lat' dir='ltr'>credimus,</span> <span class='ocrx_word' id='word_1_41' title='bbox 905 876 1010 933; x_wconf 90' lang='lat' dir='ltr'>actum</span> <span class='ocrx_word' id='word_1_42' title='bbox 1031 876 1091 950; x_wconf 89' lang='lat' dir='ltr'>est,</span> <span class='ocrx_word' id='word_1_43' title='bbox 1112 878 1149 933; x_wconf 94' lang='lat' dir='ltr'>ut</span> <span class='ocrx_word' id='word_1_44' title='bbox 1168 875 1199 932; x_wconf 91' lang='lat' dir='ltr'>et</span> <span class='ocrx_word' id='word_1_45' title='bbox 1219 875 1327 934; x_wconf 81' lang='lat' dir='ltr'>nostra</span> <span class='ocrx_word' id='word_1_46' title='bbox 1347 877 1378 934; x_wconf 91' lang='lat' dir='ltr'>et</span> <span class='ocrx_word' id='word_1_47' title='bbox 1398 872 1495 934; x_wconf 91' lang='lat' dir='ltr'>totius</span> <span class='ocrx_word' id='word_1_48' title='bbox 1515 870 1623 954; x_wconf 89' lang='lat' dir='ltr'>populi</span> <span class='ocrx_word' id='word_1_49' title='bbox 1637 872 1737 934; x_wconf 84' lang='lat' dir='ltr'>nostri</span> <span class='ocrx_word' id='word_1_50' title='bbox 1758 873 1791 934; x_wconf 92' lang='lat' dir='ltr'>in</span> <span class='ocrx_word' id='word_1_51' title='bbox 1815 871 1920 935; x_wconf 91' lang='lat' dir='ltr'>dilecti</span> 
     </span>
     <span class='ocr_line' id='line_1_6' title="bbox 290 972 1920 1058; baseline -0.001 -20"><span class='ocrx_word' id='word_1_52' title='bbox 290 976 516 1058; x_wconf 77' lang='lat' dir='ltr'>aprimogeniti</span> <span class='ocrx_word' id='word_1_53' title='bbox 544 975 642 1038; x_wconf 90' lang='lat' dir='ltr'>nostri</span> <span class='ocrx_word' id='word_1_54' title='bbox 662 973 823 1036; x_wconf 89' lang='lat' dir='ltr'>Hlutlrarii</span> <span class='ocrx_word' id='word_1_55' title='bbox 846 973 996 1037; x_wconf 90' lang='lat' dir='ltr'>electione</span> <span class='ocrx_word' id='word_1_56' title='bbox 1017 977 1090 1035; x_wconf 86' lang='lat' dir='ltr'>vota</span> <span class='ocrx_word' id='word_1_57' title='bbox 1112 979 1344 1037; x_wconf 89' lang='lat' dir='ltr'>concurrerant.</span> <span class='ocrx_word' id='word_1_58' title='bbox 1393 972 1505 1056; x_wconf 91' lang='lat' dir='ltr'>ltaque</span> <span class='ocrx_word' id='word_1_59' title='bbox 1532 974 1635 1036; x_wconf 88' lang='lat' dir='ltr'>taliter</span> <span class='ocrx_word' id='word_1_60' title='bbox 1661 973 1769 1036; x_wconf 88' lang='lat' dir='ltr'>divina</span> <span class='ocrx_word' id='word_1_61' title='bbox 1795 974 1920 1057; x_wconf 88' lang='lat' dir='ltr'>dispen-</span> 
     </span>
     <span class='ocr_line' id='line_1_7' title="bbox 316 1073 1920 1160; baseline -0.001 -20"><span class='ocrx_word' id='word_1_62' title='bbox 316 1079 436 1141; x_wconf 89' lang='lat' dir='ltr'>satione</span> <span class='ocrx_word' id='word_1_63' title='bbox 457 1077 692 1140; x_wconf 79' lang='lat' dir='ltr'>manifestatum</span> <span class='ocrx_word' id='word_1_64' title='bbox 714 1075 831 1160; x_wconf 78' lang='lat' dir='ltr'>placuit</span> <span class='ocrx_word' id='word_1_65' title='bbox 860 1081 891 1139; x_wconf 93' lang='lat' dir='ltr'>et</span> <span class='ocrx_word' id='word_1_66' title='bbox 916 1073 1007 1138; x_wconf 90' lang='lat' dir='ltr'>nobis</span> <span class='ocrx_word' id='word_1_67' title='bbox 1026 1081 1058 1137; x_wconf 87' lang='lat' dir='ltr'>et</span> <span class='ocrx_word' id='word_1_68' title='bbox 1085 1075 1172 1137; x_wconf 91' lang='lat' dir='ltr'>omni</span> <span class='ocrx_word' id='word_1_69' title='bbox 1199 1074 1315 1158; x_wconf 90' lang='lat' dir='ltr'>populo</span> <span class='ocrx_word' id='word_1_70' title='bbox 1344 1082 1467 1154; x_wconf 85' lang='lat' dir='ltr'>nostro,</span> <span class='ocrx_word' id='word_1_71' title='bbox 1493 1094 1579 1138; x_wconf 91' lang='lat' dir='ltr'>more</span> <span class='ocrx_word' id='word_1_72' title='bbox 1607 1075 1741 1140; x_wconf 81' lang='lat' dir='ltr'>solemni</span> <span class='ocrx_word' id='word_1_73' title='bbox 1766 1076 1920 1159; x_wconf 89' lang='lat' dir='ltr'>imperiali</span> 
     </span>
     <span class='ocr_line' id='line_1_8' title="bbox 313 1175 1921 1261; baseline -0.001 -19"><span class='ocrx_word' id='word_1_74' title='bbox 313 1179 489 1242; x_wconf 87' lang='lat' dir='ltr'>diademate</span> <span class='ocrx_word' id='word_1_75' title='bbox 508 1184 694 1241; x_wconf 89' lang='lat' dir='ltr'>coronatum</span> <span class='ocrx_word' id='word_1_76' title='bbox 707 1176 800 1240; x_wconf 89' lang='lat' dir='ltr'>nobis</span> <span class='ocrx_word' id='word_1_77' title='bbox 818 1183 849 1240; x_wconf 92' lang='lat' dir='ltr'>et</span> <span class='ocrx_word' id='word_1_78' title='bbox 867 1183 1044 1240; x_wconf 85' lang='lat' dir='ltr'>consortem</span> <span class='ocrx_word' id='word_1_79' title='bbox 1067 1185 1098 1240; x_wconf 89' lang='lat' dir='ltr'>et</span> <span class='ocrx_word' id='word_1_80' title='bbox 1111 1195 1326 1241; x_wconf 78' lang='lat' dir='ltr'>suscessorem</span> <span class='ocrx_word' id='word_1_81' title='bbox 1339 1178 1476 1261; x_wconf 91' lang='lat' dir='ltr'>imperii,</span> <span class='ocrx_word' id='word_1_82' title='bbox 1499 1178 1526 1240; x_wconf 95' lang='lat' dir='ltr'>si</span> <span class='ocrx_word' id='word_1_83' title='bbox 1536 1175 1695 1241; x_wconf 91' lang='lat' dir='ltr'>Dominus</span> <span class='ocrx_word' id='word_1_84' title='bbox 1716 1179 1760 1240; x_wconf 92' lang='lat' dir='ltr'>ita</span> <span class='ocrx_word' id='word_1_85' title='bbox 1777 1177 1921 1257; x_wconf 92' lang='lat' dir='ltr'>voluerit,</span> 
     </span>
     <span class='ocr_line' id='line_1_9' title="bbox 315 1276 1920 1363; baseline -0.001 -18"><span class='ocrx_word' id='word_1_86' title='bbox 315 1282 478 1345; x_wconf 90' lang='lat' dir='ltr'>communi</span> <span class='ocrx_word' id='word_1_87' title='bbox 497 1287 570 1343; x_wconf 89' lang='lat' dir='ltr'>voto</span> <span class='ocrx_word' id='word_1_88' title='bbox 591 1280 747 1343; x_wconf 90' lang='lat' dir='ltr'>constitui.</span> <span class='ocrx_word' id='word_1_89' title='bbox 789 1276 921 1342; x_wconf 81' lang='lat' dir='ltr'>Ceteros</span> <span class='ocrx_word' id='word_1_90' title='bbox 941 1297 1015 1342; x_wconf 90' lang='lat' dir='ltr'>vero</span> <span class='ocrx_word' id='word_1_91' title='bbox 1036 1278 1147 1342; x_wconf 86' lang='lat' dir='ltr'>iratres</span> <span class='ocrx_word' id='word_1_92' title='bbox 1173 1280 1255 1356; x_wconf 85' lang='lat' dir='ltr'>eius,</span> <span class='ocrx_word' id='word_1_93' title='bbox 1277 1278 1450 1363; x_wconf 90' lang='lat' dir='ltr'>Pippinunr</span> <span class='ocrx_word' id='word_1_94' title='bbox 1475 1279 1620 1342; x_wconf 88' lang='lat' dir='ltr'>videlicet</span> <span class='ocrx_word' id='word_1_95' title='bbox 1644 1287 1674 1343; x_wconf 90' lang='lat' dir='ltr'>et</span> <span class='ocrx_word' id='word_1_96' title='bbox 1694 1278 1920 1343; x_wconf 85' lang='lat' dir='ltr'>Hludowicum</span> 
     </span>
     <span class='ocr_line' id='line_1_10' title="bbox 315 1380 1921 1466; baseline -0.001 -20"><span class='ocrx_word' id='word_1_97' title='bbox 315 1385 525 1466; x_wconf 80' lang='lat' dir='ltr'>aequivocum</span> <span class='ocrx_word' id='word_1_98' title='bbox 546 1389 706 1458; x_wconf 89' lang='lat' dir='ltr'>nostrum,</span> <span class='ocrx_word' id='word_1_99' title='bbox 731 1382 894 1443; x_wconf 91' lang='lat' dir='ltr'>communi</span> <span class='ocrx_word' id='word_1_100' title='bbox 922 1381 1053 1444; x_wconf 90' lang='lat' dir='ltr'>consilio</span> <span class='ocrx_word' id='word_1_101' title='bbox 1074 1380 1192 1463; x_wconf 79' lang='lat' dir='ltr'>placuit</span> <span class='ocrx_word' id='word_1_102' title='bbox 1212 1381 1305 1464; x_wconf 82' lang='lat' dir='ltr'>regiis</span> <span class='ocrx_word' id='word_1_103' title='bbox 1327 1381 1472 1464; x_wconf 83' lang='lat' dir='ltr'>insigniri</span> <span class='ocrx_word' id='word_1_104' title='bbox 1501 1380 1700 1461; x_wconf 90' lang='lat' dir='ltr'>nominibus,</span> <span class='ocrx_word' id='word_1_105' title='bbox 1727 1390 1758 1444; x_wconf 93' lang='lat' dir='ltr'>et</span> <span class='ocrx_word' id='word_1_106' title='bbox 1784 1382 1852 1444; x_wconf 87' lang='lat' dir='ltr'>loca</span> <span class='ocrx_word' id='word_1_107' title='bbox 1871 1383 1921 1444; x_wconf 86' lang='lat' dir='ltr'>in·</span> 
     </span>
     <span class='ocr_line' id='line_1_11' title="bbox 278 1482 1920 1566; baseline 0 -18"><span class='ocrx_word' id='word_1_108' title='bbox 278 1485 414 1548; x_wconf 85' lang='lat' dir='ltr'>rosarius</span> <span class='ocrx_word' id='word_1_109' title='bbox 440 1485 639 1548; x_wconf 84' lang='lat' dir='ltr'>denominata</span> <span class='ocrx_word' id='word_1_110' title='bbox 668 1484 876 1561; x_wconf 90' lang='lat' dir='ltr'>constituere,</span> <span class='ocrx_word' id='word_1_111' title='bbox 913 1483 946 1544; x_wconf 92' lang='lat' dir='ltr'>in</span> <span class='ocrx_word' id='word_1_112' title='bbox 973 1482 1091 1565; x_wconf 86' lang='lat' dir='ltr'>quibus</span> <span class='ocrx_word' id='word_1_113' title='bbox 1114 1491 1186 1566; x_wconf 92' lang='lat' dir='ltr'>post</span> <span class='ocrx_word' id='word_1_114' title='bbox 1220 1482 1385 1546; x_wconf 87' lang='lat' dir='ltr'>decessum</span> <span class='ocrx_word' id='word_1_115' title='bbox 1415 1489 1559 1546; x_wconf 88' lang='lat' dir='ltr'>nostnun</span> <span class='ocrx_word' id='word_1_116' title='bbox 1591 1483 1651 1547; x_wconf 93' lang='lat' dir='ltr'>sub</span> <span class='ocrx_word' id='word_1_117' title='bbox 1679 1485 1802 1547; x_wconf 90' lang='lat' dir='ltr'>seniore</span> <span class='ocrx_word' id='word_1_118' title='bbox 1825 1483 1920 1548; x_wconf 79' lang='lat' dir='ltr'>fratre</span> 
     </span>
     <span class='ocr_line' id='line_1_12' title="bbox 316 1584 1921 1670; baseline 0 -22"><span class='ocrx_word' id='word_1_119' title='bbox 316 1586 411 1669; x_wconf 83' lang='lat' dir='ltr'>regali</span> <span class='ocrx_word' id='word_1_120' title='bbox 432 1593 585 1670; x_wconf 86' lang='lat' dir='ltr'>potestate</span> <span class='ocrx_word' id='word_1_121' title='bbox 602 1587 763 1669; x_wconf 89' lang='lat' dir='ltr'>potiantur</span> <span class='ocrx_word' id='word_1_122' title='bbox 781 1586 872 1648; x_wconf 81' lang='lat' dir='ltr'>iuxta</span> <span class='ocrx_word' id='word_1_123' title='bbox 894 1584 1025 1648; x_wconf 85' lang='lat' dir='ltr'>inferius</span> <span class='ocrx_word' id='word_1_124' title='bbox 1042 1584 1189 1647; x_wconf 88' lang='lat' dir='ltr'>adnotata</span> <span class='ocrx_word' id='word_1_125' title='bbox 1209 1584 1362 1668; x_wconf 87' lang='lat' dir='ltr'>capitula,</span> <span class='ocrx_word' id='word_1_126' title='bbox 1390 1584 1523 1668; x_wconf 90' lang='lat' dir='ltr'>quibus,</span> <span class='ocrx_word' id='word_1_127' title='bbox 1550 1605 1645 1668; x_wconf 86' lang='lat' dir='ltr'>quarn</span> <span class='ocrx_word' id='word_1_128' title='bbox 1669 1586 1753 1649; x_wconf 87' lang='lat' dir='ltr'>inter</span> <span class='ocrx_word' id='word_1_129' title='bbox 1772 1605 1826 1649; x_wconf 91' lang='lat' dir='ltr'>eos</span> <span class='ocrx_word' id='word_1_130' title='bbox 1847 1604 1921 1649; x_wconf 91' lang='lat' dir='ltr'>con·</span> 
     </span>
     <span class='ocr_line' id='line_1_13' title="bbox 316 1685 1920 1771; baseline 0 -19"><span class='ocrx_word' id='word_1_131' title='bbox 316 1691 490 1767; x_wconf 90' lang='lat' dir='ltr'>stituimus,</span> <span class='ocrx_word' id='word_1_132' title='bbox 518 1688 655 1752; x_wconf 91' lang='lat' dir='ltr'>conditio</span> <span class='ocrx_word' id='word_1_133' title='bbox 681 1688 867 1750; x_wconf 89' lang='lat' dir='ltr'>continetur.</span> <span class='ocrx_word' id='word_1_134' title='bbox 914 1685 1002 1761; x_wconf 83' lang='lat' dir='ltr'>Quae</span> <span class='ocrx_word' id='word_1_135' title='bbox 1030 1686 1166 1769; x_wconf 87' lang='lat' dir='ltr'>capitula</span> <span class='ocrx_word' id='word_1_136' title='bbox 1194 1693 1320 1770; x_wconf 89' lang='lat' dir='ltr'>propter</span> <span class='ocrx_word' id='word_1_137' title='bbox 1347 1687 1513 1751; x_wconf 82' lang='lat' dir='ltr'>utilitatem</span> <span class='ocrx_word' id='word_1_138' title='bbox 1542 1687 1665 1770; x_wconf 88' lang='lat' dir='ltr'>imperii</span> <span class='ocrx_word' id='word_1_139' title='bbox 1687 1696 1717 1750; x_wconf 91' lang='lat' dir='ltr'>et</span> <span class='ocrx_word' id='word_1_140' title='bbox 1736 1696 1920 1771; x_wconf 88' lang='lat' dir='ltr'>perpetuam</span> 
     </span>
     <span class='ocr_line' id='line_1_14' title="bbox 316 1787 1929 1874; baseline -0.001 -20"><span class='ocrx_word' id='word_1_141' title='bbox 316 1792 398 1854; x_wconf 89' lang='lat' dir='ltr'>inter</span> <span class='ocrx_word' id='word_1_142' title='bbox 418 1810 472 1854; x_wconf 92' lang='lat' dir='ltr'>eos</span> <span class='ocrx_word' id='word_1_143' title='bbox 489 1810 599 1874; x_wconf 87' lang='lat' dir='ltr'>pacem</span> <span class='ocrx_word' id='word_1_144' title='bbox 620 1788 869 1852; x_wconf 89' lang='lat' dir='ltr'>conservandam</span> <span class='ocrx_word' id='word_1_145' title='bbox 881 1795 912 1852; x_wconf 89' lang='lat' dir='ltr'>et</span> <span class='ocrx_word' id='word_1_146' title='bbox 926 1788 1022 1852; x_wconf 91' lang='lat' dir='ltr'>totius</span> <span class='ocrx_word' id='word_1_147' title='bbox 1033 1789 1182 1852; x_wconf 86' lang='lat' dir='ltr'>ecclesiae</span> <span class='ocrx_word' id='word_1_148' title='bbox 1204 1794 1346 1852; x_wconf 84' lang='lat' dir='ltr'>tutamen</span> <span class='ocrx_word' id='word_1_149' title='bbox 1367 1808 1442 1851; x_wconf 90' lang='lat' dir='ltr'>cum</span> <span class='ocrx_word' id='word_1_150' title='bbox 1464 1787 1613 1852; x_wconf 91' lang='lat' dir='ltr'>omnibus</span> <span class='ocrx_word' id='word_1_151' title='bbox 1635 1788 1783 1852; x_wconf 88' lang='lat' dir='ltr'>fidelibus</span> <span class='ocrx_word' id='word_1_152' title='bbox 1804 1791 1929 1853; x_wconf 80' lang='lat' dir='ltr'>nostris</span> 
     </span>
     <span class='ocr_line' id='line_1_15' title="bbox 315 1889 1920 1976; baseline -0.001 -19"><span class='ocrx_word' id='word_1_153' title='bbox 315 1894 513 1957; x_wconf 86' lang='lat' dir='ltr'>considerare</span> <span class='ocrx_word' id='word_1_154' title='bbox 538 1892 656 1976; x_wconf 87' lang='lat' dir='ltr'>plac-uit</span> <span class='ocrx_word' id='word_1_155' title='bbox 683 1898 714 1954; x_wconf 92' lang='lat' dir='ltr'>et</span> <span class='ocrx_word' id='word_1_156' title='bbox 742 1890 938 1954; x_wconf 88' lang='lat' dir='ltr'>considerata</span> <span class='ocrx_word' id='word_1_157' title='bbox 967 1889 1164 1954; x_wconf 86' lang='lat' dir='ltr'>conscribere</span> <span class='ocrx_word' id='word_1_158' title='bbox 1192 1897 1222 1954; x_wconf 92' lang='lat' dir='ltr'>et</span> <span class='ocrx_word' id='word_1_159' title='bbox 1249 1891 1425 1974; x_wconf 89' lang='lat' dir='ltr'>conscripta</span> <span class='ocrx_word' id='word_1_160' title='bbox 1449 1891 1584 1973; x_wconf 91' lang='lat' dir='ltr'>propriis</span> <span class='ocrx_word' id='word_1_161' title='bbox 1609 1889 1758 1954; x_wconf 91' lang='lat' dir='ltr'>manibus</span> <span class='ocrx_word' id='word_1_162' title='bbox 1785 1890 1920 1972; x_wconf 89' lang='lat' dir='ltr'>firmare,</span> 
     </span>
     <span class='ocr_line' id='line_1_16' title="bbox 278 1991 1920 2079; baseline -0.001 -20"><span class='ocrx_word' id='word_1_163' title='bbox 278 2020 304 2060; x_wconf 82' lang='grc' dir='ltr'>ιε</span> <span class='ocrx_word' id='word_1_164' title='bbox 318 2006 367 2075; x_wconf 93' lang='lat' dir='ltr'>ut,</span> <span class='ocrx_word' id='word_1_165' title='bbox 392 1994 459 2058; x_wconf 92' lang='lat' dir='ltr'>Deo</span> <span class='ocrx_word' id='word_1_166' title='bbox 481 2012 571 2079; x_wconf 89' lang='lat' dir='ltr'>opem</span> <span class='ocrx_word' id='word_1_167' title='bbox 592 1993 725 2070; x_wconf 86' lang='lat' dir='ltr'>ferente,</span> <span class='ocrx_word' id='word_1_168' title='bbox 751 1994 834 2056; x_wconf 90' lang='lat' dir='ltr'>sicut</span> <span class='ocrx_word' id='word_1_169' title='bbox 853 1991 892 2055; x_wconf 92' lang='lat' dir='ltr'>ab</span> <span class='ocrx_word' id='word_1_170' title='bbox 914 1991 1064 2055; x_wconf 90' lang='lat' dir='ltr'>omnibus</span> <span class='ocrx_word' id='word_1_171' title='bbox 1084 1995 1246 2057; x_wconf 90' lang='lat' dir='ltr'>communi</span> <span class='ocrx_word' id='word_1_172' title='bbox 1270 1998 1343 2055; x_wconf 89' lang='lat' dir='ltr'>voto</span> <span class='ocrx_word' id='word_1_173' title='bbox 1364 2000 1470 2055; x_wconf 83' lang='lat' dir='ltr'>aetum</span> <span class='ocrx_word' id='word_1_174' title='bbox 1491 1998 1553 2070; x_wconf 90' lang='lat' dir='ltr'>est,</span> <span class='ocrx_word' id='word_1_175' title='bbox 1581 1994 1624 2055; x_wconf 93' lang='lat' dir='ltr'>ita</span> <span class='ocrx_word' id='word_1_176' title='bbox 1643 1995 1805 2056; x_wconf 90' lang='lat' dir='ltr'>communi</span> <span class='ocrx_word' id='word_1_177' title='bbox 1826 1993 1920 2058; x_wconf 89' lang='lat' dir='ltr'>devo·</span> 
     </span>
     <span class='ocr_line' id='line_1_17' title="bbox 316 2093 1921 2179; baseline -0.001 -18"><span class='ocrx_word' id='word_1_178' title='bbox 316 2100 401 2162; x_wconf 90' lang='lat' dir='ltr'>tione</span> <span class='ocrx_word' id='word_1_179' title='bbox 422 2118 440 2160; x_wconf 87' lang='lat' dir='ltr'>a</span> <span class='ocrx_word' id='word_1_180' title='bbox 460 2098 583 2161; x_wconf 86' lang='lat' dir='ltr'>cunctis</span> <span class='ocrx_word' id='word_1_181' title='bbox 604 2094 826 2159; x_wconf 89' lang='lat' dir='ltr'>inviolabiliter</span> <span class='ocrx_word' id='word_1_182' title='bbox 846 2102 1074 2158; x_wconf 85' lang='lat' dir='ltr'>conserventur</span> <span class='ocrx_word' id='word_1_183' title='bbox 1097 2095 1138 2158; x_wconf 91' lang='lat' dir='ltr'>ad</span> <span class='ocrx_word' id='word_1_184' title='bbox 1164 2094 1293 2158; x_wconf 90' lang='lat' dir='ltr'>illorum</span> <span class='ocrx_word' id='word_1_185' title='bbox 1320 2102 1351 2158; x_wconf 93' lang='lat' dir='ltr'>et</span> <span class='ocrx_word' id='word_1_186' title='bbox 1374 2095 1471 2158; x_wconf 92' lang='lat' dir='ltr'>totius</span> <span class='ocrx_word' id='word_1_187' title='bbox 1493 2093 1600 2178; x_wconf 87' lang='lat' dir='ltr'>poprdi</span> <span class='ocrx_word' id='word_1_188' title='bbox 1629 2094 1790 2158; x_wconf 88' lang='lat' dir='ltr'>christiani</span> <span class='ocrx_word' id='word_1_189' title='bbox 1812 2114 1921 2179; x_wconf 89' lang='lat' dir='ltr'>perpe·</span> 
     </span>
     <span class='ocr_line' id='line_1_18' title="bbox 316 2195 1921 2283; baseline -0.003 -19"><span class='ocrx_word' id='word_1_190' title='bbox 316 2208 403 2264; x_wconf 88' lang='lat' dir='ltr'>tuam</span> <span class='ocrx_word' id='word_1_191' title='bbox 432 2218 558 2283; x_wconf 83' lang='lat' dir='ltr'>pacem3</span> <span class='ocrx_word' id='word_1_192' title='bbox 590 2197 677 2261; x_wconf 87' lang='lat' dir='ltr'>salva</span> <span class='ocrx_word' id='word_1_193' title='bbox 704 2198 737 2260; x_wconf 92' lang='lat' dir='ltr'>in</span> <span class='ocrx_word' id='word_1_194' title='bbox 764 2196 913 2260; x_wconf 88' lang='lat' dir='ltr'>omnibus</span> <span class='ocrx_word' id='word_1_195' title='bbox 944 2204 1050 2260; x_wconf 88' lang='lat' dir='ltr'>nostra</span> <span class='ocrx_word' id='word_1_196' title='bbox 1078 2196 1232 2281; x_wconf 90' lang='lat' dir='ltr'>imperiali</span> <span class='ocrx_word' id='word_1_197' title='bbox 1263 2202 1414 2279; x_wconf 82' lang='lat' dir='ltr'>potestate</span> <span class='ocrx_word' id='word_1_198' title='bbox 1447 2214 1543 2279; x_wconf 91' lang='lat' dir='ltr'>super</span> <span class='ocrx_word' id='word_1_199' title='bbox 1569 2195 1675 2260; x_wconf 90' lang='lat' dir='ltr'>filios¹</span> <span class='ocrx_word' id='word_1_200' title='bbox 1710 2204 1741 2260; x_wconf 92' lang='lat' dir='ltr'>et</span> <span class='ocrx_word' id='word_1_201' title='bbox 1768 2198 1921 2280; x_wconf 91' lang='lat' dir='ltr'>populum</span> 
     </span>
     <span class='ocr_line' id='line_1_19' title="bbox 316 2297 1921 2383; baseline -0.002 -17"><span class='ocrx_word' id='word_1_202' title='bbox 316 2310 477 2380; x_wconf 89' lang='lat' dir='ltr'>nostrum,</span> <span class='ocrx_word' id='word_1_203' title='bbox 503 2320 577 2364; x_wconf 82' lang='lat' dir='ltr'>curn</span> <span class='ocrx_word' id='word_1_204' title='bbox 601 2301 686 2362; x_wconf 93' lang='lat' dir='ltr'>omni</span> <span class='ocrx_word' id='word_1_205' title='bbox 709 2298 903 2362; x_wconf 88' lang='lat' dir='ltr'>subiectione</span> <span class='ocrx_word' id='word_1_206' title='bbox 924 2317 1006 2382; x_wconf 89' lang='lat' dir='ltr'>quae</span> <span class='ocrx_word' id='word_1_207' title='bbox 1032 2300 1112 2383; x_wconf 92' lang='lat' dir='ltr'>patri</span> <span class='ocrx_word' id='word_1_208' title='bbox 1133 2319 1152 2361; x_wconf 89' lang='lat' dir='ltr'>a</span> <span class='ocrx_word' id='word_1_209' title='bbox 1172 2297 1247 2362; x_wconf 90' lang='lat' dir='ltr'>filiis</span> <span class='ocrx_word' id='word_1_210' title='bbox 1266 2307 1297 2362; x_wconf 89' lang='lat' dir='ltr'>et</span> <span class='ocrx_word' id='word_1_211' title='bbox 1317 2299 1496 2381; x_wconf 85' lang='lat' dir='ltr'>imperatori</span> <span class='ocrx_word' id='word_1_212' title='bbox 1517 2317 1554 2361; x_wconf 89' lang='lat' dir='ltr'>ac</span> <span class='ocrx_word' id='word_1_213' title='bbox 1575 2298 1641 2382; x_wconf 81' lang='lat' dir='ltr'>regi</span> <span class='ocrx_word' id='word_1_214' title='bbox 1665 2318 1684 2360; x_wconf 89' lang='lat' dir='ltr'>a</span> <span class='ocrx_word' id='word_1_215' title='bbox 1704 2299 1773 2362; x_wconf 91' lang='lat' dir='ltr'>suis</span> <span class='ocrx_word' id='word_1_216' title='bbox 1796 2299 1921 2382; x_wconf 88' lang='lat' dir='ltr'>populis</span> 
     </span>
     <span class='ocr_line' id='line_1_20' title="bbox 316 2404 492 2469; baseline -0.017 0"><span class='ocrx_word' id='word_1_217' title='bbox 316 2404 492 2469; x_wconf 83' lang='lat' dir='ltr'>exhibetur.</span> 
     </span>
     <span class='ocr_line' id='line_1_21' title="bbox 278 2500 1921 2588; baseline -0.001 -20"><span class='ocrx_word' id='word_1_218' title='bbox 278 2529 305 2568; x_wconf 83' lang='lat' dir='ltr'>aa</span> <span class='ocrx_word' id='word_1_219' title='bbox 417 2505 488 2588; x_wconf 87' lang='lat' dir='ltr'>Cap.</span> <span class='ocrx_word' id='word_1_220' title='bbox 505 2508 531 2569; x_wconf 92' lang='lat'>1.</span> <span class='ocrx_word' id='word_1_221' title='bbox 575 2504 733 2567; x_wconf 88' lang='lat' dir='ltr'>Volumus</span> <span class='ocrx_word' id='word_1_222' title='bbox 756 2501 956 2586; x_wconf 91' lang='lat' dir='ltr'>utPippinus</span> <span class='ocrx_word' id='word_1_223' title='bbox 978 2502 1090 2567; x_wconf 88' lang='lat' dir='ltr'>habeat</span> <span class='ocrx_word' id='word_1_224' title='bbox 1111 2502 1337 2585; x_wconf 75' lang='lat' dir='ltr'>Aquitaniaml</span> <span class='ocrx_word' id='word_1_225' title='bbox 1359 2510 1391 2565; x_wconf 90' lang='lat' dir='ltr'>et</span> <span class='ocrx_word' id='word_1_226' title='bbox 1411 2500 1608 2565; x_wconf 88' lang='lat' dir='ltr'>Wasconiam</span> <span class='ocrx_word' id='word_1_227' title='bbox 1629 2510 1661 2565; x_wconf 87' lang='lat' dir='ltr'>et</span> <span class='ocrx_word' id='word_1_228' title='bbox 1676 2501 1819 2565; x_wconf 86' lang='lat' dir='ltr'>markam</span> <span class='ocrx_word' id='word_1_229' title='bbox 1832 2501 1921 2567; x_wconf 84' lang='lat' dir='ltr'>Tolo-</span> 
     </span>
     <span class='ocr_line' id='line_1_22' title="bbox 318 2603 1920 2689; baseline -0.002 -18"><span class='ocrx_word' id='word_1_230' title='bbox 318 2628 428 2671; x_wconf 88' lang='lat' dir='ltr'>sanam</span> <span class='ocrx_word' id='word_1_231' title='bbox 456 2615 554 2670; x_wconf 90' lang='lat' dir='ltr'>totam</span> <span class='ocrx_word' id='word_1_232' title='bbox 580 2612 611 2669; x_wconf 91' lang='lat' dir='ltr'>et</span> <span class='ocrx_word' id='word_1_233' title='bbox 635 2607 765 2689; x_wconf 88' lang='lat' dir='ltr'>insuper</span> <span class='ocrx_word' id='word_1_234' title='bbox 794 2607 958 2668; x_wconf 89' lang='lat' dir='ltr'>comitatos</span> <span class='ocrx_word' id='word_1_235' title='bbox 984 2611 1134 2688; x_wconf 87' lang='lat' dir='ltr'>quatuor,</span> <span class='ocrx_word' id='word_1_236' title='bbox 1161 2605 1193 2668; x_wconf 96' lang='lat' dir='ltr'>id</span> <span class='ocrx_word' id='word_1_237' title='bbox 1221 2605 1327 2668; x_wconf 92' lang='lat' dir='ltr'>estin</span> <span class='ocrx_word' id='word_1_238' title='bbox 1349 2603 1542 2687; x_wconf 87' lang='lat' dir='ltr'>Septimania</span> <span class='ocrx_word' id='word_1_239' title='bbox 1563 2603 1801 2668; x_wconf 85' lang='lat' dir='ltr'>Carcassensem</span> <span class='ocrx_word' id='word_1_240' title='bbox 1829 2612 1860 2668; x_wconf 91' lang='lat' dir='ltr'>et</span> <span class='ocrx_word' id='word_1_241' title='bbox 1886 2606 1920 2668; x_wconf 91' lang='lat' dir='ltr'>in</span> 
     </span>
     <span class='ocr_line' id='line_1_23' title="bbox 317 2705 1442 2793; baseline -0.004 -20"><span class='ocrx_word' id='word_1_242' title='bbox 317 2709 504 2793; x_wconf 82' lang='lat' dir='ltr'>Burgundia</span> <span class='ocrx_word' id='word_1_243' title='bbox 523 2707 852 2791; x_wconf 86' lang='lat' dir='ltr'>Augustudunensem</span> <span class='ocrx_word' id='word_1_244' title='bbox 872 2713 921 2770; x_wconf 72' lang='grc' dir='ltr'>θῐο</span> <span class='ocrx_word' id='word_1_245' title='bbox 943 2706 1133 2771; x_wconf 71' lang='lat' dir='ltr'>avalensem</span> <span class='ocrx_word' id='word_1_246' title='bbox 1154 2713 1186 2771; x_wconf 94' lang='lat' dir='ltr'>et</span> <span class='ocrx_word' id='word_1_247' title='bbox 1203 2705 1442 2770; x_wconf 86' lang='lat' dir='ltr'>Nivernensem.</span> 
     </span>
     <span class='ocr_line' id='line_1_24' title="bbox 417 2807 1921 2874; baseline 0 0"><span class='ocrx_word' id='word_1_248' title='bbox 417 2812 444 2874; x_wconf 77' lang='lat'>2.</span> <span class='ocrx_word' id='word_1_249' title='bbox 485 2811 564 2874; x_wconf 88' lang='lat' dir='ltr'>Item</span> <span class='ocrx_word' id='word_1_250' title='bbox 586 2809 795 2873; x_wconf 86' lang='lat' dir='ltr'>Hludowicus</span> <span class='ocrx_word' id='word_1_251' title='bbox 815 2809 965 2873; x_wconf 91' lang='lat' dir='ltr'>volumus</span> <span class='ocrx_word' id='word_1_252' title='bbox 991 2815 1027 2871; x_wconf 93' lang='lat' dir='ltr'>ut</span> <span class='ocrx_word' id='word_1_253' title='bbox 1052 2807 1165 2872; x_wconf 89' lang='lat' dir='ltr'>lrabeat</span> <span class='ocrx_word' id='word_1_254' title='bbox 1183 2808 1361 2872; x_wconf 86' lang='lat' dir='ltr'>Baioariam</span> <span class='ocrx_word' id='word_1_255' title='bbox 1386 2814 1417 2871; x_wconf 89' lang='lat' dir='ltr'>et</span> <span class='ocrx_word' id='word_1_256' title='bbox 1437 2807 1629 2873; x_wconf 81' lang='lat' dir='ltr'>Carentanos</span> <span class='ocrx_word' id='word_1_257' title='bbox 1650 2816 1681 2872; x_wconf 89' lang='lat' dir='ltr'>et</span> <span class='ocrx_word' id='word_1_258' title='bbox 1700 2808 1870 2873; x_wconf 90' lang='lat' dir='ltr'>Beheimos</span> <span class='ocrx_word' id='word_1_259' title='bbox 1890 2817 1921 2874; x_wconf 90' lang='lat' dir='ltr'>et</span> 
     </span>
     <span class='ocr_line' id='line_1_25' title="bbox 322 2910 1921 2997; baseline -0.001 -21"><span class='ocrx_word' id='word_1_260' title='bbox 322 2915 442 2977; x_wconf 87' lang='lat' dir='ltr'>Avaros</span> <span class='ocrx_word' id='word_1_261' title='bbox 468 2921 563 2997; x_wconf 87' lang='lat' dir='ltr'>atque</span> <span class='ocrx_word' id='word_1_262' title='bbox 592 2912 720 2977; x_wconf 89' lang='lat' dir='ltr'>Sclavos</span> <span class='ocrx_word' id='word_1_263' title='bbox 747 2913 802 2995; x_wconf 92' lang='lat' dir='ltr'>qui</span> <span class='ocrx_word' id='word_1_264' title='bbox 837 2911 876 2975; x_wconf 88' lang='lat' dir='ltr'>ab</span> <span class='ocrx_word' id='word_1_265' title='bbox 902 2911 1045 2975; x_wconf 85' lang='lat' dir='ltr'>orientali</span> <span class='ocrx_word' id='word_1_266' title='bbox 1078 2919 1165 2995; x_wconf 83' lang='lat' dir='ltr'>parte</span> <span class='ocrx_word' id='word_1_267' title='bbox 1187 2910 1351 2974; x_wconf 86' lang='lat' dir='ltr'>Baioariae</span> <span class='ocrx_word' id='word_1_268' title='bbox 1381 2920 1472 2990; x_wconf 87' lang='lat' dir='ltr'>sunt,</span> <span class='ocrx_word' id='word_1_269' title='bbox 1507 2917 1537 2975; x_wconf 91' lang='lat' dir='ltr'>et</span> <span class='ocrx_word' id='word_1_270' title='bbox 1563 2913 1693 2994; x_wconf 91' lang='lat' dir='ltr'>insuper</span> <span class='ocrx_word' id='word_1_271' title='bbox 1722 2911 1803 2975; x_wconf 89' lang='lat' dir='ltr'>duas</span> <span class='ocrx_word' id='word_1_272' title='bbox 1829 2911 1921 2975; x_wconf 91' lang='lat' dir='ltr'>villas</span> 
     </span>
     <span class='ocr_line' id='line_1_26' title="bbox 279 3011 1682 3098; baseline -0.003 -18"><span class='ocrx_word' id='word_1_273' title='bbox 279 3041 307 3081; x_wconf 80' lang='lat' dir='ltr'>as</span> <span class='ocrx_word' id='word_1_274' title='bbox 318 3015 522 3079; x_wconf 86' lang='lat' dir='ltr'>dominicales</span> <span class='ocrx_word' id='word_1_275' title='bbox 543 3015 582 3078; x_wconf 93' lang='lat' dir='ltr'>ad</span> <span class='ocrx_word' id='word_1_276' title='bbox 604 3034 700 3078; x_wconf 91' lang='lat' dir='ltr'>suum</span> <span class='ocrx_word' id='word_1_277' title='bbox 722 3015 886 3078; x_wconf 85' lang='lat' dir='ltr'>servitium</span> <span class='ocrx_word' id='word_1_278' title='bbox 906 3015 939 3076; x_wconf 94' lang='lat' dir='ltr'>in</span> <span class='ocrx_word' id='word_1_279' title='bbox 961 3033 1040 3098; x_wconf 85' lang='lat' dir='ltr'>pago</span> <span class='ocrx_word' id='word_1_280' title='bbox 1061 3012 1218 3097; x_wconf 83' lang='lat' dir='ltr'>Nortgaoe</span> <span class='ocrx_word' id='word_1_281' title='bbox 1236 3011 1397 3076; x_wconf 75' lang='lat' dir='ltr'>Luttraol²</span> <span class='ocrx_word' id='word_1_282' title='bbox 1418 3023 1449 3076; x_wconf 89' lang='lat' dir='ltr'>et</span> <span class='ocrx_word' id='word_1_283' title='bbox 1467 3011 1682 3096; x_wconf 84' lang='lat' dir='ltr'>Ingoldesstat</span> 
     </span>
     <span class='ocr_line' id='line_1_27' title="bbox 417 3115 1921 3199; baseline -0.001 -17"><span class='ocrx_word' id='word_1_284' title='bbox 417 3119 445 3182; x_wconf 88' lang='lat'>3.</span> <span class='ocrx_word' id='word_1_285' title='bbox 486 3116 646 3180; x_wconf 89' lang='lat' dir='ltr'>Volumus</span> <span class='ocrx_word' id='word_1_286' title='bbox 667 3125 703 3180; x_wconf 94' lang='lat' dir='ltr'>ut</span> <span class='ocrx_word' id='word_1_287' title='bbox 725 3116 757 3179; x_wconf 94' lang='lat' dir='ltr'>hi</span> <span class='ocrx_word' id='word_1_288' title='bbox 778 3116 841 3179; x_wconf 93' lang='lat' dir='ltr'>duo</span> <span class='ocrx_word' id='word_1_289' title='bbox 866 3115 977 3179; x_wconf 84' lang='lat' dir='ltr'>fratres</span> <span class='ocrx_word' id='word_1_290' title='bbox 1003 3117 1058 3199; x_wconf 92' lang='lat' dir='ltr'>qui</span> <span class='ocrx_word' id='word_1_291' title='bbox 1087 3116 1169 3198; x_wconf 85' lang='lat' dir='ltr'>regis</span> <span class='ocrx_word' id='word_1_292' title='bbox 1190 3116 1320 3179; x_wconf 89' lang='lat' dir='ltr'>nomine</span> <span class='ocrx_word' id='word_1_293' title='bbox 1340 3122 1511 3178; x_wconf 88' lang='lat' dir='ltr'>censentur</span> <span class='ocrx_word' id='word_1_294' title='bbox 1535 3116 1569 3177; x_wconf 94' lang='lat' dir='ltr'>in</span> <span class='ocrx_word' id='word_1_295' title='bbox 1599 3116 1722 3179; x_wconf 90' lang='lat' dir='ltr'>cunctis</span> <span class='ocrx_word' id='word_1_296' title='bbox 1747 3115 1921 3181; x_wconf 88' lang='lat' dir='ltr'>honoribus</span> 
     </span>
     <span class='ocr_line' id='line_1_28' title="bbox 319 3217 1921 3303; baseline 0 -20"><span class='ocrx_word' id='word_1_297' title='bbox 319 3221 401 3283; x_wconf 86' lang='lat' dir='ltr'>intra</span> <span class='ocrx_word' id='word_1_298' title='bbox 422 3239 514 3283; x_wconf 90' lang='lat' dir='ltr'>suam</span> <span class='ocrx_word' id='word_1_299' title='bbox 532 3225 717 3301; x_wconf 86' lang='lat' dir='ltr'>potestatem</span> <span class='ocrx_word' id='word_1_300' title='bbox 738 3217 963 3281; x_wconf 87' lang='lat' dir='ltr'>distribuendis</span> <span class='ocrx_word' id='word_1_301' title='bbox 983 3218 1109 3301; x_wconf 88' lang='lat' dir='ltr'>propria</span> <span class='ocrx_word' id='word_1_302' title='bbox 1129 3223 1280 3300; x_wconf 85' lang='lat' dir='ltr'>potestate</span> <span class='ocrx_word' id='word_1_303' title='bbox 1290 3218 1465 3300; x_wconf 89' lang='lat' dir='ltr'>potiantur,</span> <span class='ocrx_word' id='word_1_304' title='bbox 1485 3223 1610 3280; x_wconf 87' lang='lat' dir='ltr'>tantum</span> <span class='ocrx_word' id='word_1_305' title='bbox 1628 3219 1716 3282; x_wconf 91' lang='lat' dir='ltr'>utin</span> <span class='ocrx_word' id='word_1_306' title='bbox 1737 3219 1921 3303; x_wconf 90' lang='lat' dir='ltr'>episcopati·</span> 
     </span>
     <span class='ocr_line' id='line_1_29' title="bbox 319 3318 1921 3387; baseline 0 -2"><span class='ocrx_word' id='word_1_307' title='bbox 319 3323 381 3387; x_wconf 90' lang='lat' dir='ltr'>bus</span> <span class='ocrx_word' id='word_1_308' title='bbox 401 3328 432 3386; x_wconf 89' lang='lat' dir='ltr'>et</span> <span class='ocrx_word' id='word_1_309' title='bbox 452 3320 586 3385; x_wconf 90' lang='lat' dir='ltr'>abbatiis</span> <span class='ocrx_word' id='word_1_310' title='bbox 605 3321 835 3385; x_wconf 90' lang='lat' dir='ltr'>ecclesiasticus</span> <span class='ocrx_word' id='word_1_311' title='bbox 855 3320 930 3383; x_wconf 90' lang='lat' dir='ltr'>ordo</span> <span class='ocrx_word' id='word_1_312' title='bbox 957 3327 1102 3384; x_wconf 89' lang='lat' dir='ltr'>teneatur</span> <span class='ocrx_word' id='word_1_313' title='bbox 1128 3327 1160 3382; x_wconf 88' lang='lat' dir='ltr'>et</span> <span class='ocrx_word' id='word_1_314' title='bbox 1184 3320 1217 3381; x_wconf 94' lang='lat' dir='ltr'>in</span> <span class='ocrx_word' id='word_1_315' title='bbox 1244 3319 1355 3383; x_wconf 86' lang='lat' dir='ltr'>ceteris</span> <span class='ocrx_word' id='word_1_316' title='bbox 1379 3318 1554 3382; x_wconf 90' lang='lat' dir='ltr'>honoribus</span> <span class='ocrx_word' id='word_1_317' title='bbox 1581 3319 1694 3383; x_wconf 91' lang='lat' dir='ltr'>dandis</span> <span class='ocrx_word' id='word_1_318' title='bbox 1718 3321 1866 3385; x_wconf 88' lang='lat' dir='ltr'>honestas</span> <span class='ocrx_word' id='word_1_319' title='bbox 1891 3330 1921 3385; x_wconf 94' lang='lat' dir='ltr'>et</span> 
     </span>
     <span class='ocr_line' id='line_1_30' title="bbox 320 3424 607 3488; baseline -0.014 0"><span class='ocrx_word' id='word_1_320' title='bbox 320 3424 437 3488; x_wconf 88' lang='lat' dir='ltr'>utilitas</span> <span class='ocrx_word' id='word_1_321' title='bbox 458 3429 607 3487; x_wconf 88' lang='lat' dir='ltr'>servetur.</span> 
     </span>
     <span class='ocr_line' id='line_1_31' title="bbox 279 3522 1921 3607; baseline -0.001 -18"><span class='ocrx_word' id='word_1_322' title='bbox 279 3559 306 3599; x_wconf 70' lang='lat'>³0</span> <span class='ocrx_word' id='word_1_323' title='bbox 417 3531 445 3589; x_wconf 79' lang='lat'>4.</span> <span class='ocrx_word' id='word_1_324' title='bbox 487 3524 566 3588; x_wconf 86' lang='lat' dir='ltr'>ltem</span> <span class='ocrx_word' id='word_1_325' title='bbox 592 3524 742 3588; x_wconf 88' lang='lat' dir='ltr'>volurnus</span> <span class='ocrx_word' id='word_1_326' title='bbox 762 3532 798 3588; x_wconf 90' lang='lat' dir='ltr'>ut</span> <span class='ocrx_word' id='word_1_327' title='bbox 818 3524 916 3588; x_wconf 90' lang='lat' dir='ltr'>semel</span> <span class='ocrx_word' id='word_1_328' title='bbox 937 3525 971 3587; x_wconf 94' lang='lat' dir='ltr'>in</span> <span class='ocrx_word' id='word_1_329' title='bbox 992 3543 1076 3587; x_wconf 92' lang='lat' dir='ltr'>anno</span> <span class='ocrx_word' id='word_1_330' title='bbox 1103 3531 1243 3605; x_wconf 89' lang='lat' dir='ltr'>tempora</span> <span class='ocrx_word' id='word_1_331' title='bbox 1269 3530 1425 3606; x_wconf 90' lang='lat' dir='ltr'>oportuno</span> <span class='ocrx_word' id='word_1_332' title='bbox 1451 3522 1501 3585; x_wconf 88' lang='lat' dir='ltr'>vel</span> <span class='ocrx_word' id='word_1_333' title='bbox 1526 3522 1621 3586; x_wconf 89' lang='lat' dir='ltr'>simul</span> <span class='ocrx_word' id='word_1_334' title='bbox 1652 3523 1702 3587; x_wconf 91' lang='lat' dir='ltr'>vel</span> <span class='ocrx_word' id='word_1_335' title='bbox 1730 3523 1921 3607; x_wconf 85' lang='lat' dir='ltr'>singillatim,</span> 
     </span>
     <span class='ocr_line' id='line_1_32' title="bbox 318 3623 1922 3711; baseline 0 -21"><span class='ocrx_word' id='word_1_336' title='bbox 318 3629 408 3692; x_wconf 84' lang='lat' dir='ltr'>iuxta</span> <span class='ocrx_word' id='word_1_337' title='bbox 431 3627 515 3711; x_wconf 87' lang='lat' dir='ltr'>quod</span> <span class='ocrx_word' id='word_1_338' title='bbox 545 3646 652 3690; x_wconf 91' lang='lat' dir='ltr'>rerum</span> <span class='ocrx_word' id='word_1_339' title='bbox 677 3626 815 3689; x_wconf 89' lang='lat' dir='ltr'>conditio</span> <span class='ocrx_word' id='word_1_340' title='bbox 840 3627 1031 3710; x_wconf 83' lang='lat' dir='ltr'>permiserit,</span> <span class='ocrx_word' id='word_1_341' title='bbox 1058 3624 1207 3689; x_wconf 90' lang='lat' dir='ltr'>visitandi</span> <span class='ocrx_word' id='word_1_342' title='bbox 1233 3630 1264 3688; x_wconf 92' lang='lat' dir='ltr'>et</span> <span class='ocrx_word' id='word_1_343' title='bbox 1292 3624 1418 3687; x_wconf 88' lang='lat' dir='ltr'>videndi</span> <span class='ocrx_word' id='word_1_344' title='bbox 1447 3632 1478 3686; x_wconf 92' lang='lat' dir='ltr'>et</span> <span class='ocrx_word' id='word_1_345' title='bbox 1504 3623 1543 3686; x_wconf 90' lang='lat' dir='ltr'>de</span> <span class='ocrx_word' id='word_1_346' title='bbox 1562 3624 1612 3687; x_wconf 92' lang='lat' dir='ltr'>his</span> <span class='ocrx_word' id='word_1_347' title='bbox 1638 3645 1720 3707; x_wconf 88' lang='lat' dir='ltr'>quae</span> <span class='ocrx_word' id='word_1_348' title='bbox 1746 3628 1922 3690; x_wconf 86' lang='lat' dir='ltr'>necessaria</span> 
     </span>
     <span class='ocr_line' id='line_1_33' title="bbox 317 3726 1921 3813; baseline -0.002 -18"><span class='ocrx_word' id='word_1_349' title='bbox 317 3738 393 3795; x_wconf 91' lang='lat' dir='ltr'>sunt</span> <span class='ocrx_word' id='word_1_350' title='bbox 415 3740 446 3794; x_wconf 91' lang='lat' dir='ltr'>et</span> <span class='ocrx_word' id='word_1_351' title='bbox 467 3749 549 3813; x_wconf 86' lang='lat' dir='ltr'>quae</span> <span class='ocrx_word' id='word_1_352' title='bbox 568 3728 608 3792; x_wconf 88' lang='lat' dir='ltr'>ad</span> <span class='ocrx_word' id='word_1_353' title='bbox 630 3747 832 3792; x_wconf 89' lang='lat' dir='ltr'>communem</span> <span class='ocrx_word' id='word_1_354' title='bbox 855 3727 1021 3791; x_wconf 86' lang='lat' dir='ltr'>utilitatem</span> <span class='ocrx_word' id='word_1_355' title='bbox 1040 3727 1089 3790; x_wconf 84' lang='lat' dir='ltr'>vel</span> <span class='ocrx_word' id='word_1_356' title='bbox 1109 3726 1149 3789; x_wconf 89' lang='lat' dir='ltr'>ad</span> <span class='ocrx_word' id='word_1_357' title='bbox 1159 3733 1341 3809; x_wconf 89' lang='lat' dir='ltr'>perpetuam</span> <span class='ocrx_word' id='word_1_358' title='bbox 1354 3744 1463 3809; x_wconf 87' lang='lat' dir='ltr'>pacem</span> <span class='ocrx_word' id='word_1_359' title='bbox 1475 3726 1632 3809; x_wconf 88' lang='lat' dir='ltr'>pertinent</span> <span class='ocrx_word' id='word_1_360' title='bbox 1653 3735 1764 3790; x_wconf 90' lang='lat' dir='ltr'>mutuo</span> <span class='ocrx_word' id='word_1_361' title='bbox 1784 3727 1921 3791; x_wconf 78' lang='lat' dir='ltr'>fraterno</span> 
     </span>
     <span class='ocr_line' id='line_1_34' title="bbox 319 3827 1922 3913; baseline -0.002 -17"><span class='ocrx_word' id='word_1_362' title='bbox 319 3853 426 3896; x_wconf 90' lang='lat' dir='ltr'>amore</span> <span class='ocrx_word' id='word_1_363' title='bbox 446 3832 600 3896; x_wconf 84' lang='lat' dir='ltr'>tractandi</span> <span class='ocrx_word' id='word_1_364' title='bbox 619 3831 720 3913; x_wconf 85' lang='lat' dir='ltr'>gratia</span> <span class='ocrx_word' id='word_1_365' title='bbox 739 3829 777 3892; x_wconf 87' lang='lat' dir='ltr'>ad</span> <span class='ocrx_word' id='word_1_366' title='bbox 799 3830 956 3894; x_wconf 87' lang='lat' dir='ltr'>seniorem</span> <span class='ocrx_word' id='word_1_367' title='bbox 976 3829 1103 3892; x_wconf 85' lang='lat' dir='ltr'>fratrem</span> <span class='ocrx_word' id='word_1_368' title='bbox 1125 3847 1200 3891; x_wconf 89' lang='lat' dir='ltr'>cum</span> <span class='ocrx_word' id='word_1_369' title='bbox 1224 3828 1316 3891; x_wconf 90' lang='lat' dir='ltr'>donis</span> <span class='ocrx_word' id='word_1_370' title='bbox 1336 3829 1404 3891; x_wconf 87' lang='lat' dir='ltr'>suis</span> <span class='ocrx_word' id='word_1_371' title='bbox 1423 3828 1558 3892; x_wconf 81' lang='lat' dir='ltr'>veniant.</span> <span class='ocrx_word' id='word_1_372' title='bbox 1600 3827 1641 3890; x_wconf 84' lang='lat' dir='ltr'>Et</span> <span class='ocrx_word' id='word_1_373' title='bbox 1662 3829 1688 3891; x_wconf 91' lang='lat' dir='ltr'>si</span> <span class='ocrx_word' id='word_1_374' title='bbox 1708 3829 1787 3892; x_wconf 84' lang='lat' dir='ltr'>forte</span> <span class='ocrx_word' id='word_1_375' title='bbox 1806 3829 1922 3913; x_wconf 88' lang='lat' dir='ltr'>aliquis</span> 
     </span>
     <span class='ocr_line' id='line_1_35' title="bbox 320 3929 1922 4017; baseline -0.001 -20"><span class='ocrx_word' id='word_1_376' title='bbox 320 3935 447 3998; x_wconf 91' lang='lat' dir='ltr'>illorum</span> <span class='ocrx_word' id='word_1_377' title='bbox 466 3932 606 4017; x_wconf 88' lang='lat' dir='ltr'>qualibet</span> <span class='ocrx_word' id='word_1_378' title='bbox 627 3931 803 3996; x_wconf 89' lang='lat' dir='ltr'>inevitabili</span> <span class='ocrx_word' id='word_1_379' title='bbox 826 3933 1012 3995; x_wconf 83' lang='lat' dir='ltr'>necessitate</span> <span class='ocrx_word' id='word_1_380' title='bbox 1032 3929 1202 4015; x_wconf 88' lang='lat' dir='ltr'>impeditus</span> <span class='ocrx_word' id='word_1_381' title='bbox 1229 3931 1338 3993; x_wconf 90' lang='lat' dir='ltr'>venire</span> <span class='ocrx_word' id='word_1_382' title='bbox 1358 3939 1498 4013; x_wconf 88' lang='lat' dir='ltr'>tempore</span> <span class='ocrx_word' id='word_1_383' title='bbox 1522 3930 1613 3993; x_wconf 85' lang='lat' dir='ltr'>solito</span> <span class='ocrx_word' id='word_1_384' title='bbox 1641 3937 1672 3994; x_wconf 92' lang='lat' dir='ltr'>et</span> <span class='ocrx_word' id='word_1_385' title='bbox 1691 3940 1846 4014; x_wconf 90' lang='lat' dir='ltr'>oportuno</span> <span class='ocrx_word' id='word_1_386' title='bbox 1867 3951 1922 3995; x_wconf 91' lang='lat' dir='ltr'>ne·</span> 
     </span>
     <span class='ocr_line' id='line_1_36' title="bbox 279 4031 1921 4119; baseline -0.002 -20"><span class='ocrx_word' id='word_1_387' title='bbox 279 4067 306 4109; x_wconf 66' lang='lat'>³⁵</span> <span class='ocrx_word' id='word_1_388' title='bbox 321 4037 470 4119; x_wconf 74' lang='lat' dir='ltr'>quiverit,</span> <span class='ocrx_word' id='word_1_389' title='bbox 498 4037 558 4099; x_wconf 89' lang='lat' dir='ltr'>hoc</span> <span class='ocrx_word' id='word_1_390' title='bbox 579 4037 694 4099; x_wconf 91' lang='lat' dir='ltr'>seniori</span> <span class='ocrx_word' id='word_1_391' title='bbox 720 4035 807 4098; x_wconf 81' lang='lat' dir='ltr'>iratn</span> <span class='ocrx_word' id='word_1_392' title='bbox 829 4035 948 4117; x_wconf 84' lang='lat' dir='ltr'>legatos</span> <span class='ocrx_word' id='word_1_393' title='bbox 969 4043 999 4098; x_wconf 93' lang='lat' dir='ltr'>et</span> <span class='ocrx_word' id='word_1_394' title='bbox 1021 4034 1104 4097; x_wconf 89' lang='lat' dir='ltr'>dona</span> <span class='ocrx_word' id='word_1_395' title='bbox 1123 4032 1277 4096; x_wconf 90' lang='lat' dir='ltr'>mittendo</span> <span class='ocrx_word' id='word_1_396' title='bbox 1298 4031 1468 4115; x_wconf 73' lang='lat' dir='ltr'>significet,</span> <span class='ocrx_word' id='word_1_397' title='bbox 1495 4033 1539 4095; x_wconf 88' lang='lat' dir='ltr'>ita</span> <span class='ocrx_word' id='word_1_398' title='bbox 1565 4032 1746 4113; x_wconf 81' lang='lat' dir='ltr'>dumtaxat,</span> <span class='ocrx_word' id='word_1_399' title='bbox 1774 4042 1822 4113; x_wconf 85' lang='lat' dir='ltr'>ut,</span> <span class='ocrx_word' id='word_1_400' title='bbox 1846 4053 1921 4097; x_wconf 88' lang='lat' dir='ltr'>cum</span> 
     </span>
     <span class='ocr_line' id='line_1_37' title="bbox 319 4133 1922 4222; baseline -0.001 -23"><span class='ocrx_word' id='word_1_401' title='bbox 319 4139 458 4221; x_wconf 91' lang='lat' dir='ltr'>primum</span> <span class='ocrx_word' id='word_1_402' title='bbox 482 4137 673 4222; x_wconf 87' lang='lat' dir='ltr'>possibilitas</span> <span class='ocrx_word' id='word_1_403' title='bbox 701 4157 840 4222; x_wconf 80' lang='lat' dir='ltr'>congruo</span> <span class='ocrx_word' id='word_1_404' title='bbox 869 4143 1008 4220; x_wconf 89' lang='lat' dir='ltr'>tempore</span> <span class='ocrx_word' id='word_1_405' title='bbox 1033 4135 1183 4213; x_wconf 86' lang='lat' dir='ltr'>adiuerit,</span> <span class='ocrx_word' id='word_1_406' title='bbox 1208 4135 1318 4198; x_wconf 88' lang='lat' dir='ltr'>venire</span> <span class='ocrx_word' id='word_1_407' title='bbox 1347 4133 1487 4216; x_wconf 90' lang='lat' dir='ltr'>qualibet</span> <span class='ocrx_word' id='word_1_408' title='bbox 1514 4133 1712 4198; x_wconf 88' lang='lat' dir='ltr'>cabillatione</span> <span class='ocrx_word' id='word_1_409' title='bbox 1738 4154 1802 4198; x_wconf 93' lang='lat' dir='ltr'>non</span> <span class='ocrx_word' id='word_1_410' title='bbox 1831 4135 1922 4200; x_wconf 93' lang='lat' dir='ltr'>dissi·</span> 
     </span>
     <span class='ocr_line' id='line_1_38' title="bbox 319 4239 426 4303; baseline 0 -1"><span class='ocrx_word' id='word_1_411' title='bbox 319 4239 426 4303; x_wconf 87' lang='lat' dir='ltr'>mulet.</span> 
     </span>
     <span class='ocr_line' id='line_1_39' title="bbox 417 4338 1921 4424; baseline -0.002 -17"><span class='ocrx_word' id='word_1_412' title='bbox 417 4344 445 4407; x_wconf 78' lang='lat' dir='ltr'>b.</span> <span class='ocrx_word' id='word_1_413' title='bbox 487 4341 645 4405; x_wconf 79' lang='lat' dir='ltr'>Volumus</span> <span class='ocrx_word' id='word_1_414' title='bbox 666 4348 760 4424; x_wconf 88' lang='lat' dir='ltr'>atquc</span> <span class='ocrx_word' id='word_1_415' title='bbox 781 4360 962 4418; x_wconf 87' lang='lat' dir='ltr'>monemus,</span> <span class='ocrx_word' id='word_1_416' title='bbox 982 4338 1252 4417; x_wconf 86' lang='lat' dir='ltr'>utsoniorfrater,</span> <span class='ocrx_word' id='word_1_417' title='bbox 1274 4338 1400 4422; x_wconf 91' lang='lat' dir='ltr'>quaudo</span> <span class='ocrx_word' id='word_1_418' title='bbox 1424 4338 1464 4401; x_wconf 90' lang='lat' dir='ltr'>ad</span> <span class='ocrx_word' id='word_1_419' title='bbox 1485 4358 1558 4402; x_wconf 89' lang='lat' dir='ltr'>eum</span> <span class='ocrx_word' id='word_1_420' title='bbox 1575 4348 1630 4403; x_wconf 92' lang='lat' dir='ltr'>aut</span> <span class='ocrx_word' id='word_1_421' title='bbox 1649 4359 1733 4404; x_wconf 90' lang='lat' dir='ltr'>unus</span> <span class='ocrx_word' id='word_1_422' title='bbox 1753 4346 1809 4404; x_wconf 84' lang='lat' dir='ltr'>aut</span> <span class='ocrx_word' id='word_1_423' title='bbox 1829 4339 1921 4404; x_wconf 89' lang='lat' dir='ltr'>ambo</span> 
     </span>
     <span class='ocr_line' id='line_1_40' title="bbox 317 4440 1923 4526; baseline -0.001 -20"><span class='ocrx_word' id='word_1_424' title='bbox 317 4445 429 4508; x_wconf 84' lang='lat' dir='ltr'>fratres</span> <span class='ocrx_word' id='word_1_425' title='bbox 450 4444 501 4507; x_wconf 86' lang='lat' dir='ltr'>sui</span> <span class='ocrx_word' id='word_1_426' title='bbox 522 4463 596 4506; x_wconf 89' lang='lat' dir='ltr'>curn</span> <span class='ocrx_word' id='word_1_427' title='bbox 618 4443 724 4523; x_wconf 87' lang='lat' dir='ltr'>donis,</span> <span class='ocrx_word' id='word_1_428' title='bbox 750 4445 832 4506; x_wconf 88' lang='lat' dir='ltr'>sicut</span> <span class='ocrx_word' id='word_1_429' title='bbox 853 4442 1048 4526; x_wconf 85' lang='lat' dir='ltr'>praedictum</span> <span class='ocrx_word' id='word_1_430' title='bbox 1071 4450 1131 4519; x_wconf 89' lang='lat' dir='ltr'>est,</span> <span class='ocrx_word' id='word_1_431' title='bbox 1157 4442 1314 4521; x_wconf 89' lang='lat' dir='ltr'>venerint,</span> <span class='ocrx_word' id='word_1_432' title='bbox 1339 4442 1421 4504; x_wconf 88' lang='lat' dir='ltr'>sicut</span> <span class='ocrx_word' id='word_1_433' title='bbox 1441 4441 1469 4503; x_wconf 93' lang='lat' dir='ltr'>ei</span> <span class='ocrx_word' id='word_1_434' title='bbox 1496 4441 1597 4504; x_wconf 88' lang='lat' dir='ltr'>maior</span> <span class='ocrx_word' id='word_1_435' title='bbox 1625 4448 1761 4525; x_wconf 86' lang='lat' dir='ltr'>potestas</span> <span class='ocrx_word' id='word_1_436' title='bbox 1781 4440 1847 4506; x_wconf 87' lang='lat' dir='ltr'>Deo</span> <span class='ocrx_word' id='word_1_437' title='bbox 1868 4462 1923 4505; x_wconf 88' lang='lat' dir='ltr'>an·</span> 
     </span>
     <span class='ocr_line' id='line_1_41' title="bbox 279 4541 1903 4628; baseline -0.004 -13"><span class='ocrx_word' id='word_1_438' title='bbox 279 4575 306 4614; x_wconf 79' lang='lat' dir='ltr'>ao</span> <span class='ocrx_word' id='word_1_439' title='bbox 321 4552 439 4610; x_wconf 87' lang='lat' dir='ltr'>nuento</span> <span class='ocrx_word' id='word_1_440' title='bbox 456 4546 551 4609; x_wconf 86' lang='lat' dir='ltr'>fuerit</span> <span class='ocrx_word' id='word_1_441' title='bbox 571 4545 741 4622; x_wconf 87' lang='lat' dir='ltr'>adtributa,</span> <span class='ocrx_word' id='word_1_442' title='bbox 762 4546 805 4607; x_wconf 88' lang='lat' dir='ltr'>ita</span> <span class='ocrx_word' id='word_1_443' title='bbox 828 4553 858 4609; x_wconf 93' lang='lat' dir='ltr'>et</span> <span class='ocrx_word' id='word_1_444' title='bbox 879 4546 945 4628; x_wconf 90' lang='lat' dir='ltr'>ipse</span> <span class='ocrx_word' id='word_1_445' title='bbox 965 4544 1036 4607; x_wconf 90' lang='lat' dir='ltr'>illos</span> <span class='ocrx_word' id='word_1_446' title='bbox 1057 4543 1320 4628; x_wconf 81' lang='lat' dir='ltr'>piofrutemoque</span> <span class='ocrx_word' id='word_1_447' title='bbox 1340 4560 1446 4605; x_wconf 89' lang='lat' dir='ltr'>amore</span> <span class='ocrx_word' id='word_1_448' title='bbox 1467 4541 1595 4625; x_wconf 80' lang='lat' dir='ltr'>largiori</span> <span class='ocrx_word' id='word_1_449' title='bbox 1614 4543 1696 4607; x_wconf 93' lang='lat' dir='ltr'>dono</span> <span class='ocrx_word' id='word_1_450' title='bbox 1717 4552 1903 4608; x_wconf 89' lang='lat' dir='ltr'>remuneret</span> 
     </span>
     <span class='ocr_line' id='line_1_42' title="bbox 420 4643 1923 4729; baseline -0.002 -17"><span class='ocrx_word' id='word_1_451' title='bbox 420 4650 448 4712; x_wconf 87' lang='lat'>6.</span> <span class='ocrx_word' id='word_1_452' title='bbox 491 4646 650 4710; x_wconf 87' lang='lat' dir='ltr'>Volumus</span> <span class='ocrx_word' id='word_1_453' title='bbox 676 4653 772 4728; x_wconf 89' lang='lat' dir='ltr'>atque</span> <span class='ocrx_word' id='word_1_454' title='bbox 798 4645 963 4724; x_wconf 91' lang='lat' dir='ltr'>iubemus,</span> <span class='ocrx_word' id='word_1_455' title='bbox 996 4653 1032 4708; x_wconf 90' lang='lat' dir='ltr'>ut</span> <span class='ocrx_word' id='word_1_456' title='bbox 1057 4646 1163 4709; x_wconf 85' lang='lat' dir='ltr'>senior</span> <span class='ocrx_word' id='word_1_457' title='bbox 1188 4644 1284 4708; x_wconf 85' lang='lat' dir='ltr'>frater</span> <span class='ocrx_word' id='word_1_458' title='bbox 1311 4643 1490 4707; x_wconf 91' lang='lat' dir='ltr'>iunioribus</span> <span class='ocrx_word' id='word_1_459' title='bbox 1515 4643 1665 4708; x_wconf 85' lang='lat' dir='ltr'>fratribus</span> <span class='ocrx_word' id='word_1_460' title='bbox 1692 4646 1772 4722; x_wconf 88' lang='lat' dir='ltr'>suis,</span> <span class='ocrx_word' id='word_1_461' title='bbox 1797 4646 1923 4729; x_wconf 89' lang='lat' dir='ltr'>quando</span> 
     </span>
     <span class='ocr_line' id='line_1_43' title="bbox 320 4745 1925 4829; baseline -0.002 -15"><span class='ocrx_word' id='word_1_462' title='bbox 320 4760 429 4815; x_wconf 82' lang='lat' dir='ltr'>contm</span> <span class='ocrx_word' id='word_1_463' title='bbox 448 4756 573 4813; x_wconf 84' lang='lat' dir='ltr'>exteras</span> <span class='ocrx_word' id='word_1_464' title='bbox 594 4751 737 4812; x_wconf 88' lang='lat' dir='ltr'>nationes</span> <span class='ocrx_word' id='word_1_465' title='bbox 755 4749 913 4812; x_wconf 83' lang='lat' dir='ltr'>auxilinm</span> <span class='ocrx_word' id='word_1_466' title='bbox 935 4747 996 4811; x_wconf 85' lang='lat' dir='ltr'>sibi</span> <span class='ocrx_word' id='word_1_467' title='bbox 1021 4747 1101 4810; x_wconf 82' lang='lat' dir='ltr'>ferre</span> <span class='ocrx_word' id='word_1_468' title='bbox 1129 4745 1356 4809; x_wconf 88' lang='lat' dir='ltr'>rationabiliter</span> <span class='ocrx_word' id='word_1_469' title='bbox 1380 4746 1604 4829; x_wconf 88' lang='lat' dir='ltr'>expetiverint,</span> <span class='ocrx_word' id='word_1_470' title='bbox 1628 4747 1719 4810; x_wconf 85' lang='lat' dir='ltr'>iuxta</span> <span class='ocrx_word' id='word_1_471' title='bbox 1740 4747 1824 4829; x_wconf 92' lang='lat' dir='ltr'>quod</span> <span class='ocrx_word' id='word_1_472' title='bbox 1845 4750 1925 4810; x_wconf 86' lang='lat' dir='ltr'>ratio</span> 
     </span>
     <span class='ocr_line' id='line_1_44' title="bbox 319 4846 1925 4934; baseline -0.003 -16"><span class='ocrx_word' id='word_1_473' title='bbox 319 4853 483 4918; x_wconf 85' lang='lat' dir='ltr'>dictaverit</span> <span class='ocrx_word' id='word_1_474' title='bbox 503 4860 535 4915; x_wconf 88' lang='lat' dir='ltr'>et</span> <span class='ocrx_word' id='word_1_475' title='bbox 554 4852 703 4934; x_wconf 88' lang='lat' dir='ltr'>temporis</span> <span class='ocrx_word' id='word_1_476' title='bbox 724 4851 920 4934; x_wconf 91' lang='lat' dir='ltr'>oportunitas</span> <span class='ocrx_word' id='word_1_477' title='bbox 939 4849 1131 4932; x_wconf 86' lang='lat' dir='ltr'>permiserit,</span> <span class='ocrx_word' id='word_1_478' title='bbox 1159 4847 1209 4911; x_wconf 92' lang='lat' dir='ltr'>vel</span> <span class='ocrx_word' id='word_1_479' title='bbox 1229 4866 1285 4931; x_wconf 88' lang='lat' dir='ltr'>per</span> <span class='ocrx_word' id='word_1_480' title='bbox 1305 4865 1338 4910; x_wconf 92' lang='lat' dir='ltr'>se</span> <span class='ocrx_word' id='word_1_481' title='bbox 1357 4847 1463 4930; x_wconf 90' lang='lat' dir='ltr'>ipsum</span> <span class='ocrx_word' id='word_1_482' title='bbox 1485 4846 1536 4910; x_wconf 89' lang='lat' dir='ltr'>vel</span> <span class='ocrx_word' id='word_1_483' title='bbox 1556 4867 1612 4932; x_wconf 91' lang='lat' dir='ltr'>per</span> <span class='ocrx_word' id='word_1_484' title='bbox 1632 4847 1740 4912; x_wconf 91' lang='lat' dir='ltr'>fideles</span> <span class='ocrx_word' id='word_1_485' title='bbox 1760 4849 1874 4912; x_wconf 89' lang='lat' dir='ltr'>missos</span> <span class='ocrx_word' id='word_1_486' title='bbox 1894 4858 1925 4913; x_wconf 89' lang='lat' dir='ltr'>et</span> 
     </span>
     <span class='ocr_line' id='line_1_45' title="bbox 320 4951 1138 5037; baseline -0.007 -19"><span class='ocrx_word' id='word_1_487' title='bbox 320 4955 479 5019; x_wconf 84' lang='lat' dir='ltr'>exercitus</span> <span class='ocrx_word' id='word_1_488' title='bbox 500 4974 575 5018; x_wconf 89' lang='lat' dir='ltr'>suos</span> <span class='ocrx_word' id='word_1_489' title='bbox 596 4962 786 5037; x_wconf 81' lang='lat' dir='ltr'>oportunum</span> <span class='ocrx_word' id='word_1_490' title='bbox 809 4954 855 5016; x_wconf 90' lang='lat' dir='ltr'>eis</span> <span class='ocrx_word' id='word_1_491' title='bbox 875 4951 1033 5015; x_wconf 89' lang='lat' dir='ltr'>auxilium</span> <span class='ocrx_word' id='word_1_492' title='bbox 1052 4951 1138 5014; x_wconf 90' lang='lat' dir='ltr'>ferat.</span> 
     </span>
    </p>
   </div>
   <div class='ocr_carea' id='block_1_4' title="bbox 280 5219 1311 5294">
    <p class='ocr_par' dir='ltr' id='par_1_4' title="bbox 280 5219 1311 5294">
     <span class='ocr_line' id='line_1_46' title="bbox 280 5219 1311 5294; baseline -0.008 -15"><span class='ocrx_word' id='word_1_493' title='bbox 280 5249 308 5288; x_wconf 78' lang='lat' dir='ltr'>ts</span> <span class='ocrx_word' id='word_1_494' title='bbox 422 5223 451 5293; x_wconf 81' lang='lat' dir='ltr'>b)</span> <span class='ocrx_word' id='word_1_495' title='bbox 473 5223 869 5294; x_wconf 68' lang='lat' dir='ltr'>Aequitaniatnprr&#39;matartareo.</span> <span class='ocrx_word' id='word_1_496' title='bbox 951 5219 977 5290; x_wconf 77' lang='lat' dir='ltr'>c)</span> <span class='ocrx_word' id='word_1_497' title='bbox 1000 5229 1028 5275; x_wconf 87' lang='lat' dir='ltr'>et</span> <span class='ocrx_word' id='word_1_498' title='bbox 1038 5221 1311 5291; x_wconf 70' lang='lat' dir='ltr'>preatcardeletumeat.</span> 
     </span>
    </p>
   </div>
   <div class='ocr_carea' id='block_1_5' title="bbox 320 5461 1926 5808">
    <p class='ocr_par' dir='ltr' id='par_1_5' title="bbox 320 5461 1926 5730">
     <span class='ocr_line' id='line_1_47' title="bbox 423 5461 1926 5534; baseline -0.001 -17"><span class='ocrx_word' id='word_1_499' title='bbox 423 5463 451 5534; x_wconf 70' lang='lat'>1)</span> <span class='ocrx_word' id='word_1_500' title='bbox 480 5464 565 5517; x_wconf 81' lang='lat' dir='ltr'>l&#39;crba</span> <span class='ocrx_word' id='word_1_501' title='bbox 575 5466 663 5517; x_wconf 74' lang='lat' dir='ltr'>iudea</span> <span class='ocrx_word' id='word_1_502' title='bbox 672 5462 745 5518; x_wconf 86' lang='lat' dir='ltr'>filios</span> <span class='ocrx_word' id='word_1_503' title='bbox 754 5482 837 5533; x_wconf 72' lang='lat' dir='ltr'>usquc</span> <span class='ocrx_word' id='word_1_504' title='bbox 851 5464 890 5515; x_wconf 83' lang='lat' dir='ltr'>ud</span> <span class='ocrx_word' id='word_1_505' title='bbox 898 5463 1009 5534; x_wconf 69' lang='lat' dir='ltr'>prrologp&#39;</span> <span class='ocrx_word' id='word_1_506' title='bbox 1019 5465 1103 5531; x_wconf 82' lang='lat' dir='ltr'>finem</span> <span class='ocrx_word' id='word_1_507' title='bbox 1118 5464 1241 5515; x_wconf 61' lang='lat' dir='ltr'>&amp;mittut</span> <span class='ocrx_word' id='word_1_508' title='bbox 1253 5472 1315 5516; x_wconf 74' lang='lat' dir='ltr'>aurat</span> <span class='ocrx_word' id='word_1_509' title='bbox 1329 5480 1343 5515; x_wconf 80' lang='lat' dir='ltr'>e</span> <span class='ocrx_word' id='word_1_510' title='bbox 1357 5462 1497 5515; x_wconf 63' lang='lat' dir='ltr'>tutatuta</span> <span class='ocrx_word' id='word_1_511' title='bbox 1512 5480 1585 5515; x_wconf 72' lang='lat' dir='ltr'>retorto</span> <span class='ocrx_word' id='word_1_512' title='bbox 1594 5461 1651 5515; x_wconf 75' lang='lat'>806</span> <span class='ocrx_word' id='word_1_513' title='bbox 1669 5463 1827 5515; x_wconf 77' lang='lat' dir='ltr'>cmtetr&#39;tutue</span> <span class='ocrx_word' id='word_1_514' title='bbox 1839 5463 1926 5534; x_wconf 74' lang='lat' dir='ltr'>cupite</span> 
     </span>
     <span class='ocr_line' id='line_1_48' title="bbox 320 5560 1926 5632; baseline 0 -17"><span class='ocrx_word' id='word_1_515' title='bbox 320 5561 425 5615; x_wconf 78' lang='lat' dir='ltr'>ultituo.</span> <span class='ocrx_word' id='word_1_516' title='bbox 508 5561 538 5629; x_wconf 53' lang='grc' dir='ltr'>ἲ)</span> <span class='ocrx_word' id='word_1_517' title='bbox 561 5562 744 5629; x_wconf 59' lang='lat' dir='ltr'>laetate-layca</span> <span class='ocrx_word' id='word_1_518' title='bbox 752 5569 776 5614; x_wconf 84' lang='lat' dir='ltr'>et</span> <span class='ocrx_word' id='word_1_519' title='bbox 785 5561 947 5631; x_wconf 71' lang='lat' dir='ltr'>Inpolatudt,</span> <span class='ocrx_word' id='word_1_520' title='bbox 962 5560 1119 5629; x_wconf 64' lang='lat' dir='ltr'>muracvillua</span> <span class='ocrx_word' id='word_1_521' title='bbox 1130 5561 1234 5613; x_wconf 69' lang='lat' dir='ltr'>lircat&#39;lo</span> <span class='ocrx_word' id='word_1_522' title='bbox 1247 5561 1384 5632; x_wconf 68' lang='lat' dir='ltr'>«leprositas</span> <span class='ocrx_word' id='word_1_523' title='bbox 1396 5561 1423 5613; x_wconf 80' lang='lat' dir='ltr'>t&#39;u</span> <span class='ocrx_word' id='word_1_524' title='bbox 1433 5561 1586 5630; x_wconf 70' lang='lat' dir='ltr'>beneficiam</span> <span class='ocrx_word' id='word_1_525' title='bbox 1595 5569 1734 5631; x_wconf 70' lang='lat' dir='ltr'>teccepmat</span> <span class='ocrx_word' id='word_1_526' title='bbox 1740 5581 1751 5629; x_wconf 88' lang='lat'><em>;</em></span> <span class='ocrx_word' id='word_1_527' title='bbox 1767 5563 1820 5630; x_wconf 68' lang='lat' dir='ltr'>afr.</span> <span class='ocrx_word' id='word_1_528' title='bbox 1828 5561 1926 5615; x_wconf 68' lang='lat' dir='ltr'>dictae</span> 
     </span>
     <span class='ocr_line' id='line_1_49' title="bbox 321 5657 623 5730; baseline -0.01 -17"><span class='ocrx_word' id='word_1_529' title='bbox 321 5659 389 5729; x_wconf 84' lang='lat'>806,</span> <span class='ocrx_word' id='word_1_530' title='bbox 398 5679 422 5711; x_wconf 86' lang='lat' dir='ltr'>c.</span> <span class='ocrx_word' id='word_1_531' title='bbox 432 5659 449 5711; x_wconf 76' lang='lat' dir='ltr'>‘l</span> <span class='ocrx_word' id='word_1_532' title='bbox 460 5663 536 5730; x_wconf 66' lang='lat' dir='ltr'>(party.</span> <span class='ocrx_word' id='word_1_533' title='bbox 549 5657 623 5726; x_wconf 70' lang='lat'><strong>1⁴27.)</strong></span> 
     </span>
    </p>

    <p class='ocr_par' dir='ltr' id='par_1_6' title="bbox 1662 5753 1720 5808">
     <span class='ocr_line' id='line_1_50' title="bbox 1662 5753 1720 5808; baseline 0 -17"><span class='ocrx_word' id='word_1_534' title='bbox 1662 5753 1720 5808; x_wconf 69' lang='grc'>35*</span> 
     </span>
    </p>
   </div>
   <div class='ocr_carea' id='block_1_6' title="bbox 0 0 2222 6226">
    <p class='ocr_par' dir='ltr' id='par_1_7' title="bbox 0 0 2222 6226">
     <span class='ocr_line' id='line_1_51' title="bbox 0 0 2222 6226; baseline 0 0"><span class='ocrx_word' id='word_1_535' title='bbox 0 0 2222 6226; x_wconf 95' lang='lat' dir='ltr'> </span> 
     </span>
    </p>
   </div>
  </div>
 </body>
</html>
