4418 6226
842 372 989 428 KAROLI
1008 373 1135 429 MAGNI
1156 371 1424 429 CAPITULARIA.
1880 370 1936 433 181

328 572 401 616 rum
422 555 640 617 testimonimn
661 553 778 617 bonam
800 554 917 617 famam
937 553 1122 618 habentium
1144 553 1366 637 reprobentur⁸
1394 560 1449 617 aut
1471 572 1526 636 per
1545 553 1700 617 iudicium
1721 552 1795 633 Dei,
1821 573 1940 638 nequa·

330 674 425 738 quarn
448 655 622 738 disciplinis
643 658 915 740 constringantur²
936 676 1040 740 neque
1061 655 1213 719 derebus
1234 657 1302 719 suis
1323 656 1531 738 expolientur.

427 759 456 822 ὃ.
497 757 555 822 81³
575 758 653 821 latro
675 760 708 820 in
730 759 903 822 emunitate
922 758 1068 840 fugeritl,
1098 757 1269 821 mandentv
1297 758 1355 820 hoc
1381 759 1469 820 missi
1493 759 1613 821 nostriv
1640 757 1768 821 domino
1797 759 1939 822 eiusdem

328 861 511 923 emunitatis
531 867 588 923 aut.
607 860 654 922 illi
675 862 732 943 qui
753 860 857 923 locum
887 861 957 923 eius
982 859 1099 923 ibidem
1127 867 1225 940 tenet,
1255 866 1291 923 ut
1319 879 1392 923 eum
1413 859 1489 922 foris
1509 861 1600 922 eiciat
1621 865 1651 922 et
1673 861 1778 923 veniat
1803 862 1835 923 in
1857 861 1940 924 iudi·

297 977 310 1016 n
329 963 410 1025 tium
429 967 460 1025 et
481 961 604 1045 legibus
624 961 703 1025 liatw
724 962 891 1025 iudicatus.
934 961 975 1025 Et
996 963 1043 1024 six
1061 963 1149 1045 ipse¹
1172 961 1397 1024 contradixerit
1425 967 1455 1024 et
1479 980 1552 1025 eum
1576 963 1675 1025 eicere
1696 963 1879 1046 neglexerit,
1905 966 1938 1026 in

328 1065 429 1147 prima
442 1064 687 1128 contradictione
699 1063 763 1127 XV
784 1064 900 1127 solidos
913 1069 1088 1146 conponat,
1109 1069 1140 1127 et
1157 1065 1191 1126 in
1204 1064 1343 1127 secunda
1362 1065 1568 1146 inquisitione
1581 1064 1697 1128 solidos
1708 1063 1809 1128 XXX
1830 1065 1938 1149 culpa·

328 1165 401 1229 bihs
420 1165 594 1244 iudicetur,
617 1172 647 1230 et
668 1167 695 1230 si
717 1167 749 1229 in
769 1168 861 1229 tertia
881 1167 1060 1229 munitione
1073 1167 1283 1230 contradictor
1298 1167 1560 1249 perseveraverit,
1581 1167 1748 1230 mandenty
1768 1168 1829 1230 hoc
1847 1167 1939 1230 nobis

328 1269 418 1331 missi
439 1269 538 1331 nostri
559 1275 590 1331 et
610 1288 669 1332 nos
689 1269 963 1348 commendamus,
993 1270 1063 1352 quit
1090 1269 1164 1331 inde
1190 1268 1260 1348 fiat,
1290 1275 1396 1331 utrum
1427 1270 1486 1351 ipsi
1515 1268 1632 1332 ibidem
1658 1271 1777 1333 intrare
1803 1268 1938 1333 debeant

328 1377 383 1433 aut
404 1389 476 1433 non.

284 1485 310 1525 1⁰
428 1474 455 1537 6.
496 1471 570 1535 Sive
590 1471 669 1536 liber
690 1474 757 1535 sive
778 1472 1009 1536 ecclesiasticus
1035 1473 1102 1536 sive
1126 1471 1314 1535 cuiuslibet²
1342 1472 1499 1534 hominis²
1527 1491 1639 1535 servus
1667 1474 1723 1555 qui
1743 1474 1781 1536 ad
1804 1479 1936 1536 mortem

328 1574 543 1637 deiudicatus·
563 1574 670 1654 fuerit,
699 1574 859 1638 derebus
888 1577 955 1637 suis
986 1594 1050 1637 non
1071 1574 1271 1658 expoliantur
1292 1580 1338 1637 set
1359 1574 1488 1637 domino
1518 1594 1576 1637 suo
1603 1580 1659 1637 aut
1687 1573 1860 1638 infantibus
1880 1581 1936 1639 aut

327 1677 513 1759 propinquis
540 1675 710 1739 heredibus
737 1681 951 1739 reserventur:
986 1678 1061 1758 qnia
1088 1676 1180 1739 nobis
1206 1676 1338 1758 dignum
1370 1695 1435 1738 nou
1462 1676 1605 1743 videtur.
1638 1676 1738 1759 quod,
1768 1685 1937 1760 postquam

327 1779 421 1841 morti
440 1778 593 1851 tradetur,
619 1783 655 1841 ut
674 1777 823 1841 dominus
846 1779 915 1840 eius
943 1783 999 1841 aut
1019 1779 1150 1841 infantis
1172 1785 1227 1841 aut
1249 1779 1436 1861 propinquis
1459 1778 1626 1841 heredibus
1648 1780 1714 1842 suis
1735 1779 1872 1862 perdunt
1890 1799 1938 1842 re·

326 1878 402 1957 bus,
423 1882 499 1963 quia
518 1880 597 1942 nihil
618 1879 754 1962 amphus
775 1880 860 1942 ultra
880 1898 914 1943 se
935 1881 1042 1963 ipsum
1064 1879 1193 1963 perdere
1215 1879 1314 1943 debet.

282 1998 308 2038 1⁵
427 1983 453 2046 l.
495 1982 538 2046 Ut
559 1982 650 2045 liceat
671 1983 846 2064 unicuique
867 1981 906 2044 de
927 2001 985 2045 suo
1007 2001 1097 2045 servo
1121 1987 1305 2065 potestatem
1333 1980 1447 2044 habere
1476 1982 1634 2044 iusticiam
1653 1982 1788 2046 faciendi
1808 1984 1847 2048 de
1868 2004 1936 2048 om·

326 2082 422 2147 nibus
442 2084 662 2167 neglegentiis,
683 2085 745 2147 nisi
764 2084 843 2147 forte
864 2085 1026 2167 contingat
1047 2089 1083 2146 ut
1104 2103 1178 2146 oum
1198 2083 1281 2146 furto
1303 2082 1357 2145 fiat
1378 2083 1626 2165 conprehensum
1659 2089 1689 2147 et
1710 2086 1737 2147 si
1760 2104 1834 2148 cum
1850 2085 1935 2150 furto

325 2185 560 2269 conprehensus
580 2186 692 2263 fuerit,
721 2187 853 2269 accipiat
879 2185 978 2249 iudex
1000 2184 1156 2248 derebus
1183 2186 1283 2268 ipsius
1309 2184 1438 2248 latronis
1471 2185 1530 2247 hoc
1552 2186 1636 2268 quod
1663 2206 1757 2268 super
1777 2206 1811 2250 se
1831 2187 1938 2252 habet,

325 2288 543 2350 tantummodo
565 2307 624 2350 sua
645 2308 753 2367 causa,
774 2294 805 2351 et
826 2288 884 2350 hoc
906 2287 990 2370 quod
1012 2287 1096 2350 furto
1117 2293 1306 2350 consecutus
1327 2292 1374 2349 est
1394 2286 1504 2349 reddat
1524 2289 1577 2349 oui
1597 2287 1700 2350 idemb
1722 2287 1799 2351 latro
1810 2288 1936 2352 frauda-

325 2391 418 2468 verit,
447 2390 517 2452 aliis
538 2408 612 2453 vero
633 2389 729 2453 rebus
751 2409 814 2472 que
834 2389 928 2452 habet
949 2389 1039 2452 aliter
1060 2409 1125 2452 non
1147 2409 1180 2452 se
1201 2388 1360 2467 tollendis,
1387 2389 1448 2450 nisi
1470 2394 1507 2451 ut
1531 2390 1678 2472 superius
1704 2391 1853 2453 diximus.
1894 2390 1935 2454 Et

279 2507 306 2546 2⁰
325 2492 351 2554 si
375 2511 486 2555 servus
505 2491 634 2555 alterius
655 2497 710 2554 ant
728 2491 958 2554 ecclesiasticus
980 2490 1018 2554 ad
1041 2491 1260 2554 excusandum
1281 2490 1389 2553 autad
1405 2490 1639 2554 emendandum
1657 2491 1815 2555 iudicatus
1830 2492 1935 2573 fuerit,

325 2592 474 2657 dominus
495 2595 564 2657 eius
585 2594 678 2656 faciat
708 2600 775 2670 aut,
803 2595 829 2656 si
856 2602 956 2656 morte
985 2594 1117 2676 dignus,
1144 2592 1292 2655 dominus
1318 2612 1392 2655 eum
1421 2592 1533 2670 tradat,
1564 2598 1595 2656 et
1622 2593 1846 2676 quodcumque
1867 2596 1937 2658 eius

326 2714 437 2758 servus
457 2694 545 2772 facit,
566 2695 716 2758 dominns
737 2696 806 2758 eius
827 2695 973 2758 emendet
981 2695 1004 2756 4.

425 2799 453 2861 8.
496 2796 539 2860 Ut
559 2816 615 2880 per
635 2797 725 2860 nullo
745 2796 838 2859 modo
860 2797 949 2860 missi
971 2797 1070 2859 nostri
1091 2797 1168 2859 alias
1182 2797 1323 2859 iusticias
1336 2816 1399 2859 non
1416 2802 1599 2878 presumant
1618 2797 1720 2861 iacere
1740 2799 1803 2861 nisi
1825 2818 1937 2881 quem-

324 2898 496 2961 admodum
517 2899 579 2962 illis
601 2900 725 2962 iussum
747 2906 802 2962 est.

279 3025 307 3065 aa
424 3003 452 3066 9.
494 3000 537 3064 Ut
558 3003 584 3064 si
607 3003 689 3065 servi
711 3003 846 3064 invicem
867 3003 952 3064 inter
973 3020 1006 3064 se
1020 3002 1142 3064 fmtum
1157 2999 1288 3063 fecerint
1302 3007 1333 3062 et
1347 3000 1605 3064 inunafuerint⁰
1626 3007 1793 3084 potestate,
1814 3002 1935 3065 domini

325 3121 436 3166 eorum
456 3103 593 3167 habeant
613 3104 772 3167 licentiam
799 3102 935 3166 faciendi
964 3104 1140 3178 iusticiam3
1169 3103 1196 3165 si
1222 3120 1297 3165 vero
1327 3101 1365 3165 de
1391 3101 1467 3166 foris
1494 3107 1661 3166 accusatur
1687 3103 1839 3167 adversus
1861 3123 1935 3167 eum

325 3206 499 3268 srurexerit
520 3225 601 3288 quac
622 3207 660 3269 ad
682 3206 881 3270 latrocinium
904 3207 1075 3288 pertinent,
1096 3203 1232 3267 habeant
1252 3204 1341 3266 missi
1363 3206 1461 3267 nostri
1484 3204 1599 3267 dehoc
1619 3204 1777 3268 licentiam
1798 3205 1935 3269 faciendi

324 3307 492 3371 iusticiam.

426 3526 450 3593 s)
472 3529 528 3581 Hic
537 3529 637 3597 finitur
650 3526 752 3598 00le
771 3527 877 3596 reliqua
891 3535 995 3580 aridum
1009 3528 1037 3579 in
1050 3526 1264 3580 wanemala
1273 3534 1344 3578 aurat.
1405 3525 1427 3596 t)
1446 3528 1674 3599 constringuntur
1686 3546 1710 3581 e.
1772 3526 1801 3597 u)
1816 3527 1932 3582 fueritc.

279 3619 306 3660 80
325 3607 353 3676 v)
375 3609 488 3662 mandet
500 3610 555 3664 hoc
567 3609 649 3662 misso
664 3616 788 3662 nostroe.
861 3598 898 3685 w)
920 3607 974 3660 fuit
986 3626 1009 3659 c.
1079 3606 1106 3675 x)
1128 3625 1157 3661 ee
1171 3606 1224 3676 ipsi
1237 3625 1261 3659 c.
1328 3608 1359 3676 y)
1381 3608 1513 3660 mandant
1524 3625 1545 3661 c.
1612 3608 1637 3675 z)
1659 3608 1776 3662 cuilibet
1788 3608 1895 3662 homini
1908 3626 1933 3661 c.

324 3687 352 3759 a)
373 3689 550 3743 deiucatusc.
633 3686 662 3749 bl
684 3689 746 3742 dem
762 3706 784 3739 c.
867 3694 894 3756 c)
915 3687 1034 3742 fueritc.

425 3903 454 3971 3)
476 3904 552 3957 Haec
564 3912 691 3974 concepto
706 3911 770 3955 arnt
780 3905 820 3955 ad
830 3903 978 3973 &templum
993 3903 1060 3973 Cap.
1072 3903 1172 3972 legibue
1183 3900 1347 3971 acbliti803,
1359 3901 1416 3954 αἳ.
1459 3900 1488 3970 4)
1513 3901 1601 3973 Cepit.
1613 3903 1804 3967 Rilaaor.803,
1815 3921 1838 3956 c.
1848 3903 1872 3957 b.

651 4644 721 4748 83.
760 4640 1151 4750 CAPITULA
1190 4641 1598 4752 MISSORUM.

1078 4813 1173 4893 813⁶?

278 5027 305 5069 ao
427 4986 598 5087 Lefflcrrtur
618 5005 651 5065 ln
670 5004 775 5067 codice
800 5005 951 5067 Vaticano
971 5006 1051 5067 ahter
1079 5004 1194 5068 collect.
1220 5006 1346 5090 reptilae
1370 5004 1547 5069 Cirrham
1556 5007 1626 5071 520.
1649 5004 1707 5088 fol.
1721 5007 1808 5071 108'.
1856 5005 1933 5069 For·

324 5122 408 5173 tasse
434 5112 600 5173 missorum
627 5109 804 5193 capitellore
829 5112 1003 5192 continent,
1039 5110 1124 5195 quod
1150 5111 1292 5174 conciliis
1325 5112 1450 5196 anagnie
1484 5134 1567 5174 anno
1587 5114 1646 5177 813
1675 5113 1709 5174 in
1736 5111 1932 5175 Francorum

322 5234 416 5297 repeto
436 5211 599 5275 celebratio
619 5212 741 5274 nititur.
1468 5212 1522 5287 (B.
1545 5212 1647 5292 deest5
1667 5212 1705 5276 P.
1726 5213 1832 5293 deest.)

424 5391 693 5496 Admonendum
716 5439 778 5514 est,
807 5439 843 5497 ut
862 5434 969 5517 populi
997 5434 1136 5497 cristiani
1163 5433 1275 5497 diebus
1296 5433 1463 5497 dominicis
1493 5439 1606 5497 vacent
1626 5435 1758 5496 orationi
1784 5439 1816 5497 et
1843 5433 1932 5497 nulla

322 5552 417 5618 opera
437 5554 500 5597 non
522 5534 650 5598 iaciunt.
