4418 6226
783 385 926 441 KAROLI
948 387 984 440 M.
1006 385 1275 443 CAPITULARIA.

327 567 354 629 4.
396 565 439 628 Ut
460 565 499 629 de
519 565 695 630 dationibus
716 567 826 630 doctus
848 569 889 630 sit
909 574 940 630 et
961 587 1056 630 suum
1079 566 1280 650 penitentiale
1301 565 1382 629 bene
1403 569 1488 630 sciat.

329 670 356 732 b.
400 667 441 730 Ut
461 674 589 730 cantum
611 676 643 731 et
662 669 866 751 compotum³
888 671 972 732 sciat.

328 771 354 834 6.
396 769 438 832 Ut
460 769 568 832 nullus
585 770 730 833 sacerdos
750 770 883 833 feminas
898 791 1004 834 secum
1028 771 1167 834 habitare
1187 772 1361 853 permittat,
1382 778 1512 854 excepto
1528 779 1675 852 matrem,
1697 793 1834 836 sororem

227 871 275 934 vel
296 872 433 934 amitam.

195 983 208 1022 ⁵
327 975 354 1037 7.
397 973 441 1037 Ut
461 973 635 1057 presbyteri
656 974 689 1036 in
711 973 851 1037 tabernis
875 973 982 1038 bibere
1002 994 1066 1038 non
1090 982 1303 1058 praesumant.

327 1077 354 1140 d.
395 1075 438 1139 Ut
459 1076 568 1139 nullus
589 1076 758 1138 avariciam
788 1082 937 1151 sectetur,
963 1097 1026 1138 non
1057 1078 1097 1140 sit
1123 1076 1279 1159 superbus
1304 1096 1369 1139 non
1399 1076 1541 1140 ebriosus
1569 1097 1632 1141 non
1655 1078 1836 1142 vinolentus

227 1196 285 1240 nee
306 1177 531 1241 somnolentus.

326 1282 353 1344 u.
396 1279 437 1343 Ut
459 1280 568 1343 nullus
589 1287 810 1363 praesumatur
830 1282 864 1343 in
887 1300 965 1344 cena
986 1279 1115 1344 Domini
1138 1281 1294 1345 ieiunium
1317 1281 1445 1344 solvere.

308 1385 352 1447 tu.
394 1381 438 1445 Ut
458 1382 567 1445 nullus
588 1380 746 1465 baptizare
766 1388 948 1465 praesumat
968 1385 1030 1447 nisi
1051 1385 1085 1446 in
1098 1384 1213 1466 pascha
1225 1390 1256 1446 et
1269 1390 1488 1466 pentecosten,
1508 1390 1637 1466 excepto
1658 1382 1793 1446 infirmo.

182 1492 209 1531 ¹⁰
308 1487 353 1546 ll.
395 1483 438 1547 Ut
459 1483 572 1560 nullus,
593 1483 757 1567 presbyter
778 1504 843 1548 nec·
865 1484 1018 1548 diaconus
1045 1504 1103 1548 nec
1124 1485 1256 1548 clericus
1280 1486 1416 1548 chrisma
1446 1486 1541 1547 alicui
1562 1486 1636 1548 dare
1657 1493 1836 1568 praesumat

227 1605 282 1669 pro
303 1586 410 1668 aliqua
431 1587 651 1664 necessitate&
674 1587 730 1668 qui
752 1587 778 1649 si
801 1587 861 1650 hoc
881 1586 988 1650 fecerit
1009 1586 1203 1670 degradetur.

312 1691 355 1753 12.
398 1688 441 1752 Ut
466 1688 575 1751 nullus
601 1687 764 1771 presbyter
797 1689 836 1752 ad
863 1690 1022 1770 synodum
1055 1696 1256 1772 contempnat
1281 1691 1400 1765 venire3
1436 1689 1519 1772 quod
1551 1691 1576 1752 si
1611 1691 1700 1753 aliter
1733 1689 1835 1753 facere

227 1791 486 1875 praesumpserit,
506 1797 633 1853 coactus
654 1791 760 1853 veniat
780 1800 811 1854 et
831 1792 1008 1854 secundum
1030 1810 1166 1854 canones
1187 1791 1353 1854 iudicetur.

329 2019 358 2072 3⁸1
380 2020 596 2089 Kaleodmium5
614 2024 667 2086 cfr.
683 2040 767 2092 supra
783 2021 850 2092 Cup.
861 2021 926 2075 117.
1050 2021 1079 2090 4)
1102 2022 1158 2074 Sue
1173 2029 1314 2091 parerem
1332 2023 1479 2075 nrelicr'aue
1495 2030 1520 2073 et
1540 2023 1683 2090 maiestate
1703 2024 1755 2090 (fr.
1775 2041 1836 2093 cap.

183 2126 209 2165 15
227 2118 327 2170 Knroli
338 2118 378 2170 M.
392 2117 449 2170 806
462 2148 495 2157 -
507 2118 574 2183 813,
590 2136 611 2172 c.
622 2119 645 2173 1.
663 2117 721 2189 (pp.
731 2118 812 2187 142.)

430 2664 524 2766 itu.
558 2660 946 2770 CAPITULA
986 2660 1088 2768 DE
1129 2661 1633 2773 pausavimus

769 2827 1293 2939 ADMONENDIS.

330 3020 396 3099 Em
416 3037 539 3100 acheriis
558 3036 725 3100 Sr'mrroudi
740 3038 826 3101 edita
846 3051 922 3101 aurat
947 3063 968 3100 a
988 3038 1121 3101 Baduzio
1143 3051 1301 3123 {remquam
1323 3040 1438 3101 eiicerti
1453 3039 1535 3100 areni
1551 3040 1693 3121 aporiatum
1714 3039 1836 3122 capien-

230 3146 305 3208 lure.
347 3145 509 3209 tlatnossll‘.)
530 3157 559 3207 et
578 3144 708 3208 concilii>
726 3145 984 3231 Aquispraaerasi
1007 3147 1080 3228 zjosa
1105 3144 1279 3228 <adscripsit
1300 3144 1391 3207 Pertz
1423 3144 1536 3207 daretne
1563 3146 1665 3208 verbis
1691 3168 1770 3228 qruie
1800 3145 1832 3205 ia

186 3259 212 3296 ²⁰
229 3246 393 3309 Errabat-di
412 3246 583 3309 ‹rrrrzolibao
608 3247 653 3308 od
671 3273 701 3309 α.
714 3249 773 3312 809
794 3247 955 3332 legonao:
977 3249 1146 3331 imperator
1172 3247 1211 3310 de
1232 3247 1406 3310 Arduenna
1427 3248 1539 3330 Aquas
1559 3266 1706 3310 reversus
1728 3265 1838 3309 mense

229 3348 422 3413 Novembrio
443 3348 610 3412 concilium
640 3348 750 3412 babuit
770 3349 809 3411 de
836 3351 1035 3433 processione
1054 3350 1190 3433 Spiritus
1218 3351 1334 3412 sancti.
1351 3399 1356 3410 .
1371 3397 1401 3410 ..
1425 3349 1589 3432 Agitatunr
1617 3356 1664 3412 est
1685 3350 1777 3412 etiarn
1801 3350 1832 3411 in

229 3452 338 3516 eodem
360 3451 497 3525 concilio¹
512 3451 550 3515 de
577 3456 659 3514 statu
682 3451 884 3514 ecclesiarum
907 3459 937 3515 et
964 3453 1002 3515 de
1030 3453 1267 3515 conversatione
1293 3470 1402 3514 eorum
1429 3453 1538 3534 quiin
1567 3452 1612 3514 eis
1629 3448 1696 3513 Deo
1719 3452 1837 3513 servire

230 3554 395 3617 dicuntur:
419 3573 477 3616 nec
497 3553 617 3636 aliquid
644 3561 749 3616 tamen
772 3553 936 3617 definitum
957 3560 1004 3617 est
1032 3560 1157 3637 propter
1185 3572 1292 3616 rerum
1320 3559 1356 3615 ut
1382 3552 1547 3616 videbatur
1572 3552 1834 3634 magnitudinem.

230 3655 319 3718 Haec
339 3668 441 3719 arietem
462 3655 556 3717 verbu
575 3653 659 3717 mabil
679 3656 749 3732 (nec
770 3655 909 3737 aliquid),
929 3678 991 3718 noa
1011 3679 1081 3719 vero
1102 3678 1235 3718 carbones
1255 3666 1377 3716 nostros
1392 3655 1426 3715 ia
1441 3654 1571 3717 coneilio
1583 3655 1841 3737 alquabpruuerari

185 3771 211 3810 ²5
229 3757 392 3839 definitum
419 3781 486 3820 ease
500 3758 648 3841 probant.
692 3756 769 3819 Cum
791 3759 980 3840 praesertin
1004 3758 1096 3839 foras,
1124 3757 1208 3821 unde
1234 3759 1340 3841 capitu
1365 3756 1531 3836 firmarint,
1558 3758 1681 3819 ornnem
1708 3756 1831 3839 ipaotus

229 3861 285 3940 sit,
308 3859 345 3922 de
369 3860 450 3943 epeia
470 3857 624 3921 iudicium
644 3871 785 3921 reostrum
802 3882 938 3942 prorsam
959 3861 1110 3923 decertum
1131 3884 1256 3923 arrotrere
1269 3859 1363 3923 (lebet.
1407 3859 1437 3920 ll
1459 3858 1590 3921 concilii>
1610 3857 1745 3942 quodum
1765 3858 1831 3919 sive

223 3960 420 4045 provinciali
436 3962 502 4023 siue
519 3960 665 4042 ⁸‹petaeruli
680 3960 726 4022 od
745 3961 913 4023 aradiorum
933 3961 1067 4024 uizbratm
1081 3961 1320 4024 sinu'litadiaem
1343 3961 1421 4022 alceta
1441 3960 1587 4024 videratur
1607 3960 1775 4043 episcopia,
1797 3970 1832 4020 at

230 4065 297 4146 epa·
312 4062 485 4125 seeundum
506 4086 543 4125 ea
560 4063 759 4146 presbyteros
780 4063 970 4126 ‹idmoneaut
989 4077 1019 4128 et
1038 4066 1205 4148 compunt.
1248 4062 1351 4125 Alrbd
1362 4062 1441 4146 quid
1459 4062 1497 4125 de
1517 4064 1635 4146 eripiare
1655 4062 1709 4123 vir
1730 4060 1833 4122 ‹lebert-

229 4163 302 4226 ‹ium
327 4168 394 4226 erit.
1315 4164 1368 4237 (B.
1389 4165 1418 4245 I,
1439 4167 1512 4236 35st
1541 4165 1578 4226 P.
1600 4165 1628 4243 I,
1652 4163 1735 4239 lssll.)

183 4347 210 4387 ³⁰
330 4331 401 4416 Cap.
415 4335 441 4396 1.
484 4286 609 4395 Primo
631 4333 774 4395 omnium
796 4332 984 4395 admonendi
1006 4339 1081 4396 sunt
1102 4333 1140 4396 de
1160 4332 1347 4396 rectitudine
1367 4331 1440 4395 fidei
1463 4351 1552 4408 suae,
1573 4338 1609 4395 ut
1630 4350 1697 4394 eam
1721 4332 1831 4414 stipsi

227 4441 354 4498 teneant
375 4441 405 4498 et
425 4434 602 4518 intelligant
622 4441 652 4498 et
673 4434 733 4497 sibi
755 4434 904 4498 subiectis
931 4435 1056 4518 populis
1082 4436 1156 4498 vivo
1177 4453 1322 4497 sermone
1352 4435 1549 4497 annuntient.
1592 4433 1633 4496 Et
1660 4434 1834 4515 uuusquis-

228 4557 291 4621 que
311 4557 364 4601 eos
386 4556 466 4620 quos
495 4535 588 4600 habet
614 4538 648 4598 in
675 4554 733 4599 suo
762 4538 936 4600 ministerio
962 4543 1144 4620 cognoscat,
1172 4538 1239 4600 sive
1268 4537 1353 4599 viros
1379 4538 1445 4599 sive
1473 4535 1621 4598 feminas.
1648 4541 1682 4597 ut
1710 4536 1832 4597 noverit

228 4639 427 4723 singulorum
452 4638 665 4701 confessiones
695 4645 725 4701 et
750 4640 1035 4718 conversationem,
1069 4641 1144 4722 quia
1179 4659 1236 4723 pro
1268 4638 1417 4702 omnibus
1448 4639 1628 4702 redditurus
1662 4646 1710 4700 est
1740 4639 1832 4700 ratio-

228 4761 302 4805 nem
322 4740 399 4805 Deo,

183 4858 209 4897 ³⁵
329 4844 356 4906 2.
398 4842 556 4919 Secundo,
587 4851 624 4905 ut
651 4843 708 4925 ipsi
738 4841 912 4906 sacerdotes
944 4842 1036 4906 talem
1066 4842 1232 4906 ostendant
1260 4862 1351 4905 suam
1384 4843 1653 4905 conversationem
1683 4842 1832 4904 subiectis

230 4945 290 5008 sibi
311 4945 434 5028 popidis
456 4963 536 5027 quae
558 4942 718 5006 imitabilis
739 4945 793 5021 sit,
820 4943 979 5023 videlicet,
1008 4946 1090 5008 sicut
1110 4944 1271 5027 apostolus
1294 4944 1392 5021 dixit,
1420 4945 1451 5005 in
1475 4945 1630 5021 castitate,
1661 4945 1692 5005 in
1716 4942 1833 5006 sobrie

231 5055 306 5124 tate,
334 5054 452 5110 utnon
475 5047 652 5111 deserviant
672 5046 765 5129 gulae
785 5053 816 5110 et
836 5046 1062 5129 cupiditatibus
1088 5046 1184 5109 huius
1212 5045 1325 5121 seculi,
1354 5054 1389 5108 ut
1416 5045 1501 5128 quod
1527 5045 1605 5108 alios
1627 5054 1756 5108 monent
1776 5044 1832 5106 ob·
1894 5104 1896 5108 ,

231 5151 409 5211 servarein
431 5167 464 5211 se
484 5150 562 5232 ipsis
582 5148 763 5226 ostendant,
790 5154 827 5211 ut
847 5157 979 5211 caveant
1000 5167 1033 5211 se
1054 5147 1093 5210 ab
1115 5149 1200 5210 omni
1223 5149 1353 5211 avaritia
1380 5154 1410 5210 et
1432 5147 1614 5230 cupiditate3
1643 5148 1718 5230 quia
1739 5147 1830 5210 multi

231 5249 280 5312 die
302 5258 461 5333 noctuque
482 5250 625 5313 laborant
647 5256 683 5313 ut
703 5250 872 5332 adquirant
893 5250 1088 5333 temporalia,
1107 5269 1158 5313 res
1180 5249 1338 5319 videlicet,
1358 5250 1528 5332 mancipia,
1550 5250 1662 5312 vinum
1683 5254 1714 5311 et
1734 5268 1832 5311 anno-

181 5365 209 5402 ⁴⁰
232 5371 306 5414 uam
329 5370 402 5414 curn
424 5371 536 5429 usura,
564 5372 582 5411 a
604 5371 667 5434 qua
688 5358 719 5415 et
738 5350 826 5414 Deus
847 5350 990 5434 prohibet
1017 5357 1048 5414 et
1068 5353 1172 5414 onmis
1198 5352 1353 5433 scriptura
1381 5350 1488 5413 divina
1513 5357 1545 5414 et
1563 5353 1662 5414 sancti
1684 5369 1830 5414 canones.

231 5451 361 5517 Necnon
382 5454 551 5517 mulierum
574 5453 731 5518 declinent
751 5456 945 5518 consortium
968 5460 999 5518 et
1019 5472 1127 5517 secum
1148 5452 1288 5516 habitare
1308 5469 1371 5515 non
1394 5454 1586 5535 permittant,
1607 5461 1644 5516 ut
1664 5453 1834 5515 auctoritas

230 5561 278 5618 est
297 5555 456 5617 canonica.
