<?xml version="1.0" encoding="UTF-8"?>
<!DOCTYPE html PUBLIC "-//W3C//DTD XHTML 1.0 Transitional//EN"
    "http://www.w3.org/TR/xhtml1/DTD/xhtml1-transitional.dtd">
<html xmlns="http://www.w3.org/1999/xhtml" xml:lang="en" lang="en">
 <head>
  <title>
</title>
<meta http-equiv="Content-Type" content="text/html;charset=utf-8" />
  <meta name='ocr-system' content='tesseract 3.04.00' />
  <meta name='ocr-capabilities' content='ocr_page ocr_carea ocr_par ocr_line ocrx_word'/>
</head>
<body>
  <div class='ocr_page' id='page_1' title='image "./monumentagerman00goog_0452.png"; bbox 0 0 4380 6248; ppageno 0'>
   <div class='ocr_carea' id='block_1_1' title="bbox 945 361 1907 430">
    <p class='ocr_par' dir='ltr' id='par_1_1' title="bbox 945 361 1907 430">
     <span class='ocr_line' id='line_1_1' title="bbox 945 361 1907 430; baseline 0.008 -12"><span class='ocrx_word' id='word_1_1' title='bbox 945 363 1060 419; x_wconf 81' lang='lat' dir='ltr'>LIBER</span> <span class='ocrx_word' id='word_1_2' title='bbox 1080 363 1267 430; x_wconf 70' lang='lat' dir='ltr'>QUARTUS.</span> <span class='ocrx_word' id='word_1_3' title='bbox 1847 361 1907 426; x_wconf 79' lang='grc'>437</span> 
     </span>
    </p>
   </div>
   <div class='ocr_carea' id='block_1_2' title="bbox 268 539 1926 5425">
    <p class='ocr_par' dir='ltr' id='par_1_2' title="bbox 307 539 1909 727">
     <span class='ocr_line' id='line_1_2' title="bbox 307 539 1909 624; baseline 0.001 -20"><span class='ocrx_word' id='word_1_4' title='bbox 307 541 431 624; x_wconf 80' lang='lat' dir='ltr'>recepti,</span> <span class='ocrx_word' id='word_1_5' title='bbox 451 539 566 604; x_wconf 87' lang='lat' dir='ltr'>babeat</span> <span class='ocrx_word' id='word_1_6' title='bbox 586 560 661 604; x_wconf 92' lang='lat' dir='ltr'>cum</span> <span class='ocrx_word' id='word_1_7' title='bbox 682 541 728 605; x_wconf 89' lang='lat' dir='ltr'>eia</span> <span class='ocrx_word' id='word_1_8' title='bbox 748 541 921 624; x_wconf 82' lang='lat' dir='ltr'>legitimam</span> <span class='ocrx_word' id='word_1_9' title='bbox 941 541 1097 604; x_wconf 81' lang='lat' dir='ltr'>actionem</span> <span class='ocrx_word' id='word_1_10' title='bbox 1117 546 1149 604; x_wconf 89' lang='lat' dir='ltr'>et</span> <span class='ocrx_word' id='word_1_11' title='bbox 1169 542 1214 605; x_wconf 89' lang='lat' dir='ltr'>sic</span> <span class='ocrx_word' id='word_1_12' title='bbox 1236 559 1306 621; x_wconf 82' lang='lat' dir='ltr'>eoa,</span> <span class='ocrx_word' id='word_1_13' title='bbox 1335 542 1362 604; x_wconf 93' lang='lat' dir='ltr'>si</span> <span class='ocrx_word' id='word_1_14' title='bbox 1381 542 1509 624; x_wconf 88' lang='lat' dir='ltr'>poterit,</span> <span class='ocrx_word' id='word_1_15' title='bbox 1530 541 1569 604; x_wconf 89' lang='lat' dir='ltr'>ad</span> <span class='ocrx_word' id='word_1_16' title='bbox 1592 547 1730 605; x_wconf 89' lang='lat' dir='ltr'>nostram</span> <span class='ocrx_word' id='word_1_17' title='bbox 1753 542 1909 606; x_wconf 82' lang='lat' dir='ltr'>evindicet</span> 
     </span>
     <span class='ocr_line' id='line_1_3' title="bbox 307 643 542 727; baseline -0.009 -19"><span class='ocrx_word' id='word_1_18' title='bbox 307 643 542 727; x_wconf 85' lang='lat' dir='ltr'>possessionem.</span> 
     </span>
    </p>

    <p class='ocr_par' dir='ltr' id='par_1_3' title="bbox 287 741 1911 1235">
     <span class='ocr_line' id='line_1_4' title="bbox 401 741 1910 824; baseline 0 -15"><span class='ocrx_word' id='word_1_19' title='bbox 401 747 429 809; x_wconf 74' lang='lat' dir='ltr'>t</span> <span class='ocrx_word' id='word_1_20' title='bbox 470 741 521 807; x_wconf 85' lang='lat' dir='ltr'>De</span> <span class='ocrx_word' id='word_1_21' title='bbox 538 743 641 807; x_wconf 81' lang='lat' dir='ltr'>cassis</span> <span class='ocrx_word' id='word_1_22' title='bbox 661 743 825 808; x_wconf 76' lang='lat' dir='ltr'>dorninica’s</span> <span class='ocrx_word' id='word_1_23' title='bbox 849 744 893 807; x_wconf 77' lang='lat' dir='ltr'>od</span> <span class='ocrx_word' id='word_1_24' title='bbox 919 763 1059 806; x_wconf 82' lang='lat' dir='ltr'>marcam</span> <span class='ocrx_word' id='word_1_25' title='bbox 1087 743 1321 807; x_wconf 74' lang='lat' dir='ltr'>atstodicndaaa</span> <span class='ocrx_word' id='word_1_26' title='bbox 1349 744 1533 807; x_wconf 75' lang='lat' dir='ltr'>constitutis.</span> <span class='ocrx_word' id='word_1_27' title='bbox 1581 743 1630 809; x_wconf 89' lang='lat' dir='ltr'>De</span> <span class='ocrx_word' id='word_1_28' title='bbox 1657 747 1759 810; x_wconf 78' lang='lat' dir='ltr'>vassis</span> <span class='ocrx_word' id='word_1_29' title='bbox 1784 747 1910 824; x_wconf 81' lang='lat' dir='ltr'>nostrie,</span> 
     </span>
     <span class='ocr_line' id='line_1_5' title="bbox 308 847 1910 931; baseline 0 -21"><span class='ocrx_word' id='word_1_30' title='bbox 308 847 358 930; x_wconf 92' lang='lat' dir='ltr'>qui</span> <span class='ocrx_word' id='word_1_31' title='bbox 379 847 420 911; x_wconf 89' lang='lat' dir='ltr'>ad</span> <span class='ocrx_word' id='word_1_32' title='bbox 440 867 580 911; x_wconf 80' lang='lat' dir='ltr'>marcam</span> <span class='ocrx_word' id='word_1_33' title='bbox 602 853 743 911; x_wconf 90' lang='lat' dir='ltr'>nostram</span> <span class='ocrx_word' id='word_1_34' title='bbox 764 847 927 911; x_wconf 90' lang='lat' dir='ltr'>constituti</span> <span class='ocrx_word' id='word_1_35' title='bbox 949 853 1026 910; x_wconf 91' lang='lat' dir='ltr'>sunt</span> <span class='ocrx_word' id='word_1_36' title='bbox 1044 847 1282 911; x_wconf 87' lang='lat' dir='ltr'>custodiendam</span> <span class='ocrx_word' id='word_1_37' title='bbox 1310 847 1420 910; x_wconf 92' lang='lat' dir='ltr'>autin</span> <span class='ocrx_word' id='word_1_38' title='bbox 1443 847 1626 930; x_wconf 84' lang='lat' dir='ltr'>longinquis</span> <span class='ocrx_word' id='word_1_39' title='bbox 1647 847 1829 931; x_wconf 91' lang='lat' dir='ltr'>regionibus</span> <span class='ocrx_word' id='word_1_40' title='bbox 1851 867 1910 910; x_wconf 85' lang='lat' dir='ltr'>sua</span> 
     </span>
     <span class='ocr_line' id='line_1_6' title="bbox 287 947 1910 1033; baseline 0.003 -25"><span class='ocrx_word' id='word_1_41' title='bbox 287 947 420 1013; x_wconf 82' lang='lat' dir='ltr'>ababent</span> <span class='ocrx_word' id='word_1_42' title='bbox 440 948 592 1013; x_wconf 89' lang='lat' dir='ltr'>beneficia</span> <span class='ocrx_word' id='word_1_43' title='bbox 613 948 665 1013; x_wconf 86' lang='lat' dir='ltr'>vel</span> <span class='ocrx_word' id='word_1_44' title='bbox 686 968 736 1012; x_wconf 91' lang='lat' dir='ltr'>res</span> <span class='ocrx_word' id='word_1_45' title='bbox 754 950 897 1032; x_wconf 88' lang='lat' dir='ltr'>proprias</span> <span class='ocrx_word' id='word_1_46' title='bbox 919 948 969 1012; x_wconf 87' lang='lat' dir='ltr'>vel</span> <span class='ocrx_word' id='word_1_47' title='bbox 997 949 1091 1012; x_wconf 91' lang='lat' dir='ltr'>etiam</span> <span class='ocrx_word' id='word_1_48' title='bbox 1121 947 1213 1012; x_wconf 93' lang='lat' dir='ltr'>nobis</span> <span class='ocrx_word' id='word_1_49' title='bbox 1234 948 1362 1012; x_wconf 90' lang='lat' dir='ltr'>assidue</span> <span class='ocrx_word' id='word_1_50' title='bbox 1388 949 1422 1011; x_wconf 91' lang='lat' dir='ltr'>in</span> <span class='ocrx_word' id='word_1_51' title='bbox 1444 949 1558 1033; x_wconf 85' lang='lat' dir='ltr'>palatio</span> <span class='ocrx_word' id='word_1_52' title='bbox 1588 956 1694 1013; x_wconf 87' lang='lat' dir='ltr'>nostro</span> <span class='ocrx_word' id='word_1_53' title='bbox 1716 952 1859 1013; x_wconf 80' lang='lat' dir='ltr'>serviunt</span> <span class='ocrx_word' id='word_1_54' title='bbox 1879 956 1910 1013; x_wconf 90' lang='lat' dir='ltr'>et</span> 
     </span>
     <span class='ocr_line' id='line_1_7' title="bbox 307 1049 1911 1135; baseline 0 -21"><span class='ocrx_word' id='word_1_55' title='bbox 307 1051 372 1116; x_wconf 88' lang='lat' dir='ltr'>idco</span> <span class='ocrx_word' id='word_1_56' title='bbox 397 1069 463 1115; x_wconf 91' lang='lat' dir='ltr'>non</span> <span class='ocrx_word' id='word_1_57' title='bbox 491 1055 626 1135; x_wconf 85' lang='lat' dir='ltr'>possunt</span> <span class='ocrx_word' id='word_1_58' title='bbox 652 1051 781 1114; x_wconf 88' lang='lat' dir='ltr'>assidua</span> <span class='ocrx_word' id='word_1_59' title='bbox 805 1049 964 1114; x_wconf 90' lang='lat' dir='ltr'>custodire</span> <span class='ocrx_word' id='word_1_60' title='bbox 994 1050 1122 1133; x_wconf 91' lang='lat' dir='ltr'>placita:</span> <span class='ocrx_word' id='word_1_61' title='bbox 1153 1070 1249 1133; x_wconf 89' lang='lat' dir='ltr'>qnam</span> <span class='ocrx_word' id='word_1_62' title='bbox 1279 1069 1347 1114; x_wconf 86' lang='lat' dir='ltr'>rem</span> <span class='ocrx_word' id='word_1_63' title='bbox 1374 1051 1525 1114; x_wconf 87' lang='lat' dir='ltr'>volumus</span> <span class='ocrx_word' id='word_1_64' title='bbox 1555 1060 1592 1114; x_wconf 92' lang='lat' dir='ltr'>ut</span> <span class='ocrx_word' id='word_1_65' title='bbox 1618 1053 1708 1116; x_wconf 89' lang='lat' dir='ltr'>missi</span> <span class='ocrx_word' id='word_1_66' title='bbox 1734 1053 1833 1116; x_wconf 87' lang='lat' dir='ltr'>nostri</span> <span class='ocrx_word' id='word_1_67' title='bbox 1859 1051 1911 1116; x_wconf 85' lang='lat' dir='ltr'>vel</span> 
     </span>
     <span class='ocr_line' id='line_1_8' title="bbox 306 1151 1659 1235; baseline -0.001 -18"><span class='ocrx_word' id='word_1_68' title='bbox 306 1172 407 1218; x_wconf 90' lang='lat' dir='ltr'>comes</span> <span class='ocrx_word' id='word_1_69' title='bbox 427 1152 520 1216; x_wconf 89' lang='lat' dir='ltr'>nobis</span> <span class='ocrx_word' id='word_1_70' title='bbox 542 1158 649 1216; x_wconf 90' lang='lat' dir='ltr'>notam</span> <span class='ocrx_word' id='word_1_71' title='bbox 668 1152 800 1231; x_wconf 85' lang='lat' dir='ltr'>faciant,</span> <span class='ocrx_word' id='word_1_72' title='bbox 821 1156 853 1215; x_wconf 89' lang='lat' dir='ltr'>et</span> <span class='ocrx_word' id='word_1_73' title='bbox 871 1170 929 1215; x_wconf 88' lang='lat' dir='ltr'>nos</span> <span class='ocrx_word' id='word_1_74' title='bbox 949 1151 1117 1229; x_wconf 86' lang='lat' dir='ltr'>faciemus,</span> <span class='ocrx_word' id='word_1_75' title='bbox 1139 1157 1176 1214; x_wconf 89' lang='lat' dir='ltr'>nt</span> <span class='ocrx_word' id='word_1_76' title='bbox 1196 1151 1236 1214; x_wconf 90' lang='lat' dir='ltr'>ad</span> <span class='ocrx_word' id='word_1_77' title='bbox 1257 1170 1368 1215; x_wconf 89' lang='lat' dir='ltr'>eorum</span> <span class='ocrx_word' id='word_1_78' title='bbox 1389 1152 1502 1235; x_wconf 87' lang='lat' dir='ltr'>placita</span> <span class='ocrx_word' id='word_1_79' title='bbox 1523 1155 1659 1217; x_wconf 86' lang='lat' dir='ltr'>veniant.</span> 
     </span>
    </p>

    <p class='ocr_par' dir='ltr' id='par_1_4' title="bbox 307 1251 1912 1440">
     <span class='ocr_line' id='line_1_9' title="bbox 401 1251 1911 1340; baseline -0.001 -19"><span class='ocrx_word' id='word_1_80' title='bbox 401 1256 432 1321; x_wconf 81' lang='lat'>5.</span> <span class='ocrx_word' id='word_1_81' title='bbox 474 1251 525 1317; x_wconf 87' lang='lat' dir='ltr'>De</span> <span class='ocrx_word' id='word_1_82' title='bbox 542 1253 703 1318; x_wconf 71' lang='lat' dir='ltr'>comitebus</span> <span class='ocrx_word' id='word_1_83' title='bbox 722 1253 765 1316; x_wconf 85' lang='lat' dir='ltr'>ad</span> <span class='ocrx_word' id='word_1_84' title='bbox 785 1252 958 1316; x_wconf 79' lang='lat' dir='ltr'>custodiam</span> <span class='ocrx_word' id='word_1_85' title='bbox 977 1252 1171 1315; x_wconf 79' lang='lat' dir='ltr'>maritimam</span> <span class='ocrx_word' id='word_1_86' title='bbox 1191 1252 1358 1333; x_wconf 78' lang='lat' dir='ltr'>deputatis.</span> <span class='ocrx_word' id='word_1_87' title='bbox 1392 1253 1564 1333; x_wconf 75' lang='lat' dir='ltr'>Volumus,</span> <span class='ocrx_word' id='word_1_88' title='bbox 1586 1261 1622 1319; x_wconf 93' lang='lat' dir='ltr'>ut</span> <span class='ocrx_word' id='word_1_89' title='bbox 1642 1257 1773 1320; x_wconf 85' lang='lat' dir='ltr'>comites</span> <span class='ocrx_word' id='word_1_90' title='bbox 1795 1258 1850 1340; x_wconf 93' lang='lat' dir='ltr'>qui</span> <span class='ocrx_word' id='word_1_91' title='bbox 1871 1257 1911 1319; x_wconf 90' lang='lat' dir='ltr'>ad</span> 
     </span>
     <span class='ocr_line' id='line_1_10' title="bbox 307 1356 1912 1440; baseline 0 -18"><span class='ocrx_word' id='word_1_92' title='bbox 307 1357 481 1422; x_wconf 86' lang='lat' dir='ltr'>custodiam</span> <span class='ocrx_word' id='word_1_93' title='bbox 500 1358 693 1421; x_wconf 84' lang='lat' dir='ltr'>maritimam</span> <span class='ocrx_word' id='word_1_94' title='bbox 714 1356 854 1440; x_wconf 88' lang='lat' dir='ltr'>deputati</span> <span class='ocrx_word' id='word_1_95' title='bbox 879 1361 967 1436; x_wconf 87' lang='lat' dir='ltr'>sunt,</span> <span class='ocrx_word' id='word_1_96' title='bbox 998 1357 1194 1440; x_wconf 85' lang='lat' dir='ltr'>quicumque</span> <span class='ocrx_word' id='word_1_97' title='bbox 1221 1375 1262 1420; x_wconf 83' lang='lat' dir='ltr'>ex</span> <span class='ocrx_word' id='word_1_98' title='bbox 1288 1358 1334 1421; x_wconf 90' lang='lat' dir='ltr'>eis</span> <span class='ocrx_word' id='word_1_99' title='bbox 1361 1358 1395 1420; x_wconf 91' lang='lat' dir='ltr'>iu</span> <span class='ocrx_word' id='word_1_100' title='bbox 1427 1377 1485 1421; x_wconf 91' lang='lat' dir='ltr'>suo</span> <span class='ocrx_word' id='word_1_101' title='bbox 1515 1359 1689 1422; x_wconf 90' lang='lat' dir='ltr'>ministerio</span> <span class='ocrx_word' id='word_1_102' title='bbox 1717 1360 1845 1431; x_wconf 83' lang='lat' dir='ltr'>residet,</span> <span class='ocrx_word' id='word_1_103' title='bbox 1873 1359 1912 1422; x_wconf 90' lang='lat' dir='ltr'>de</span> 
     </span>
    </p>

    <p class='ocr_par' dir='ltr' id='par_1_5' title="bbox 275 1458 1912 1646">
     <span class='ocr_line' id='line_1_11' title="bbox 275 1458 1912 1542; baseline -0.001 -16"><span class='ocrx_word' id='word_1_104' title='bbox 275 1461 424 1527; x_wconf 82' lang='lat' dir='ltr'>niustitia</span> <span class='ocrx_word' id='word_1_105' title='bbox 443 1460 587 1524; x_wconf 87' lang='lat' dir='ltr'>facienda</span> <span class='ocrx_word' id='word_1_106' title='bbox 610 1478 644 1524; x_wconf 89' lang='lat' dir='ltr'>se</span> <span class='ocrx_word' id='word_1_107' title='bbox 665 1478 732 1522; x_wconf 91' lang='lat' dir='ltr'>non</span> <span class='ocrx_word' id='word_1_108' title='bbox 753 1464 884 1522; x_wconf 79' lang='lat' dir='ltr'>excuset</span> <span class='ocrx_word' id='word_1_109' title='bbox 905 1463 1032 1542; x_wconf 88' lang='lat' dir='ltr'>propter</span> <span class='ocrx_word' id='word_1_110' title='bbox 1057 1458 1143 1521; x_wconf 89' lang='lat' dir='ltr'>illam</span> <span class='ocrx_word' id='word_1_111' title='bbox 1170 1459 1360 1538; x_wconf 86' lang='lat' dir='ltr'>custodiam,</span> <span class='ocrx_word' id='word_1_112' title='bbox 1389 1460 1443 1523; x_wconf 88' lang='lat' dir='ltr'>sed</span> <span class='ocrx_word' id='word_1_113' title='bbox 1466 1461 1491 1523; x_wconf 89' lang='lat' dir='ltr'>si</span> <span class='ocrx_word' id='word_1_114' title='bbox 1514 1459 1557 1522; x_wconf 92' lang='lat' dir='ltr'>ibi</span> <span class='ocrx_word' id='word_1_115' title='bbox 1584 1479 1692 1524; x_wconf 88' lang='lat' dir='ltr'>secum</span> <span class='ocrx_word' id='word_1_116' title='bbox 1714 1481 1790 1525; x_wconf 90' lang='lat' dir='ltr'>suos</span> <span class='ocrx_word' id='word_1_117' title='bbox 1812 1461 1912 1525; x_wconf 88' lang='lat' dir='ltr'>scabi-</span> 
     </span>
     <span class='ocr_line' id='line_1_12' title="bbox 307 1560 1290 1646; baseline -0.004 -20"><span class='ocrx_word' id='word_1_118' title='bbox 307 1572 402 1627; x_wconf 82' lang='lat' dir='ltr'>neos·</span> <span class='ocrx_word' id='word_1_119' title='bbox 424 1561 583 1641; x_wconf 83' lang='lat' dir='ltr'>habuerit,</span> <span class='ocrx_word' id='word_1_120' title='bbox 603 1561 647 1625; x_wconf 93' lang='lat' dir='ltr'>ibi</span> <span class='ocrx_word' id='word_1_121' title='bbox 667 1562 818 1646; x_wconf 90' lang='lat' dir='ltr'>placitum</span> <span class='ocrx_word' id='word_1_122' title='bbox 840 1566 944 1624; x_wconf 89' lang='lat' dir='ltr'>teneat</span> <span class='ocrx_word' id='word_1_123' title='bbox 964 1566 995 1624; x_wconf 91' lang='lat' dir='ltr'>et</span> <span class='ocrx_word' id='word_1_124' title='bbox 1016 1561 1169 1624; x_wconf 91' lang='lat' dir='ltr'>iustitiam</span> <span class='ocrx_word' id='word_1_125' title='bbox 1189 1560 1290 1623; x_wconf 88' lang='lat' dir='ltr'>faeiat.</span> 
     </span>
    </p>

    <p class='ocr_par' dir='ltr' id='par_1_6' title="bbox 306 1660 1914 1953">
     <span class='ocr_line' id='line_1_13' title="bbox 406 1660 1914 1748; baseline -0.001 -19"><span class='ocrx_word' id='word_1_126' title='bbox 406 1666 433 1730; x_wconf 73' lang='lat' dir='ltr'>b</span> <span class='ocrx_word' id='word_1_127' title='bbox 476 1660 595 1726; x_wconf 81' lang='lat' dir='ltr'>Dabis</span> <span class='ocrx_word' id='word_1_128' title='bbox 622 1663 678 1744; x_wconf 80' lang='lat' dir='ltr'>qai</span> <span class='ocrx_word' id='word_1_129' title='bbox 697 1666 828 1744; x_wconf 80' lang='lat' dir='ltr'>propter</span> <span class='ocrx_word' id='word_1_130' title='bbox 853 1662 1005 1725; x_wconf 77' lang='lat' dir='ltr'>incestam</span> <span class='ocrx_word' id='word_1_131' title='bbox 1031 1681 1080 1724; x_wconf 83' lang='lat' dir='ltr'>res</span> <span class='ocrx_word' id='word_1_132' title='bbox 1098 1662 1252 1743; x_wconf 75' lang='lat' dir='ltr'>proprios</span> <span class='ocrx_word' id='word_1_133' title='bbox 1277 1663 1460 1726; x_wconf 80' lang='lat' dir='ltr'>arrrr‘scruat.</span> <span class='ocrx_word' id='word_1_134' title='bbox 1509 1662 1556 1727; x_wconf 89' lang='lat' dir='ltr'>De</span> <span class='ocrx_word' id='word_1_135' title='bbox 1583 1665 1631 1728; x_wconf 92' lang='lat' dir='ltr'>his</span> <span class='ocrx_word' id='word_1_136' title='bbox 1657 1667 1713 1748; x_wconf 89' lang='lat' dir='ltr'>qui</span> <span class='ocrx_word' id='word_1_137' title='bbox 1742 1684 1775 1729; x_wconf 91' lang='lat' dir='ltr'>se</span> <span class='ocrx_word' id='word_1_138' title='bbox 1804 1665 1914 1729; x_wconf 91' lang='lat' dir='ltr'>dicunt</span> 
     </span>
     <span class='ocr_line' id='line_1_14' title="bbox 309 1767 1913 1852; baseline 0.001 -22"><span class='ocrx_word' id='word_1_139' title='bbox 309 1772 434 1852; x_wconf 87' lang='lat' dir='ltr'>propter</span> <span class='ocrx_word' id='word_1_140' title='bbox 453 1767 611 1831; x_wconf 88' lang='lat' dir='ltr'>incestum</span> <span class='ocrx_word' id='word_1_141' title='bbox 622 1785 673 1830; x_wconf 93' lang='lat' dir='ltr'>res</span> <span class='ocrx_word' id='word_1_142' title='bbox 690 1768 832 1851; x_wconf 86' lang='lat' dir='ltr'>proprias</span> <span class='ocrx_word' id='word_1_143' title='bbox 842 1767 1002 1845; x_wconf 85' lang='lat' dir='ltr'>amisisse,</span> <span class='ocrx_word' id='word_1_144' title='bbox 1023 1767 1231 1829; x_wconf 86' lang='lat' dir='ltr'>constitutum</span> <span class='ocrx_word' id='word_1_145' title='bbox 1253 1771 1367 1844; x_wconf 86' lang='lat' dir='ltr'>estut,</span> <span class='ocrx_word' id='word_1_146' title='bbox 1389 1768 1415 1829; x_wconf 88' lang='lat' dir='ltr'>si</span> <span class='ocrx_word' id='word_1_147' title='bbox 1437 1772 1509 1830; x_wconf 91' lang='lat' dir='ltr'>ante</span> <span class='ocrx_word' id='word_1_148' title='bbox 1529 1768 1710 1849; x_wconf 82' lang='lat' dir='ltr'>proximum</span> <span class='ocrx_word' id='word_1_149' title='bbox 1732 1769 1913 1851; x_wconf 87' lang='lat' dir='ltr'>quinquen-</span> 
     </span>
     <span class='ocr_line' id='line_1_15' title="bbox 306 1867 1913 1953; baseline 0.001 -21"><span class='ocrx_word' id='word_1_150' title='bbox 306 1871 413 1948; x_wconf 91' lang='lat' dir='ltr'>nium,</span> <span class='ocrx_word' id='word_1_151' title='bbox 442 1868 569 1953; x_wconf 89' lang='lat' dir='ltr'>quando</span> <span class='ocrx_word' id='word_1_152' title='bbox 590 1869 743 1953; x_wconf 91' lang='lat' dir='ltr'>placitum</span> <span class='ocrx_word' id='word_1_153' title='bbox 764 1876 910 1933; x_wconf 89' lang='lat' dir='ltr'>nostrum</span> <span class='ocrx_word' id='word_1_154' title='bbox 931 1867 1102 1931; x_wconf 87' lang='lat' dir='ltr'>habuimus</span> <span class='ocrx_word' id='word_1_155' title='bbox 1123 1869 1155 1931; x_wconf 92' lang='lat' dir='ltr'>in</span> <span class='ocrx_word' id='word_1_156' title='bbox 1178 1867 1385 1951; x_wconf 81' lang='lat' dir='ltr'>Compendia,</span> <span class='ocrx_word' id='word_1_157' title='bbox 1412 1869 1537 1932; x_wconf 87' lang='lat' dir='ltr'>easdem</span> <span class='ocrx_word' id='word_1_158' title='bbox 1559 1887 1609 1932; x_wconf 81' lang='lat' dir='ltr'>res</span> <span class='ocrx_word' id='word_1_159' title='bbox 1631 1871 1821 1948; x_wconf 87' lang='lat' dir='ltr'>amiserunt,</span> <span class='ocrx_word' id='word_1_160' title='bbox 1849 1889 1913 1934; x_wconf 92' lang='lat' dir='ltr'>non</span> 
     </span>
    </p>

    <p class='ocr_par' dir='ltr' id='par_1_7' title="bbox 273 1972 586 2036">
     <span class='ocr_line' id='line_1_16' title="bbox 273 1972 586 2036; baseline 0 -2"><span class='ocrx_word' id='word_1_161' title='bbox 273 1972 349 2036; x_wconf 83' lang='lat' dir='ltr'>uois</span> <span class='ocrx_word' id='word_1_162' title='bbox 371 1973 586 2035; x_wconf 85' lang='lat' dir='ltr'>restituantur.</span> 
     </span>
    </p>

    <p class='ocr_par' dir='ltr' id='par_1_8' title="bbox 305 2069 1915 2464">
     <span class='ocr_line' id='line_1_17' title="bbox 403 2069 1914 2151; baseline -0.002 -14"><span class='ocrx_word' id='word_1_163' title='bbox 403 2075 431 2137; x_wconf 78' lang='lat'>7.</span> <span class='ocrx_word' id='word_1_164' title='bbox 478 2069 528 2135; x_wconf 84' lang='lat' dir='ltr'>De</span> <span class='ocrx_word' id='word_1_165' title='bbox 548 2072 819 2136; x_wconf 80' lang='lat' dir='ltr'>coniuratiombas</span> <span class='ocrx_word' id='word_1_166' title='bbox 838 2091 996 2135; x_wconf 71' lang='lat' dir='ltr'>servorum</span> <span class='ocrx_word' id='word_1_167' title='bbox 1016 2071 1052 2134; x_wconf 80' lang='lat' dir='ltr'>ia</span> <span class='ocrx_word' id='word_1_168' title='bbox 1074 2071 1236 2135; x_wconf 77' lang='lat' dir='ltr'>Floadrr&#39;s</span> <span class='ocrx_word' id='word_1_169' title='bbox 1264 2075 1292 2134; x_wconf 83' lang='lat' dir='ltr'>ct</span> <span class='ocrx_word' id='word_1_170' title='bbox 1314 2071 1348 2133; x_wconf 79' lang='lat' dir='ltr'>ia</span> <span class='ocrx_word' id='word_1_171' title='bbox 1370 2071 1540 2151; x_wconf 82' lang='lat' dir='ltr'>Merapr‘seo</span> <span class='ocrx_word' id='word_1_172' title='bbox 1561 2076 1589 2134; x_wconf 84' lang='lat' dir='ltr'>et</span> <span class='ocrx_word' id='word_1_173' title='bbox 1609 2072 1644 2134; x_wconf 81' lang='lat' dir='ltr'>in</span> <span class='ocrx_word' id='word_1_174' title='bbox 1665 2072 1772 2135; x_wconf 67' lang='lat' dir='ltr'>ceteris</span> <span class='ocrx_word' id='word_1_175' title='bbox 1791 2073 1914 2135; x_wconf 77' lang='lat' dir='ltr'>rrzoriti·</span> 
     </span>
     <span class='ocr_line' id='line_1_18' title="bbox 305 2172 1912 2260; baseline 0.001 -24"><span class='ocrx_word' id='word_1_176' title='bbox 305 2174 364 2237; x_wconf 80' lang='lat' dir='ltr'>mis</span> <span class='ocrx_word' id='word_1_177' title='bbox 383 2172 464 2238; x_wconf 71' lang='lat' dir='ltr'>bois.</span> <span class='ocrx_word' id='word_1_178' title='bbox 506 2173 554 2240; x_wconf 82' lang='lat' dir='ltr'>De</span> <span class='ocrx_word' id='word_1_179' title='bbox 574 2174 846 2239; x_wconf 87' lang='lat' dir='ltr'>coniurationibus</span> <span class='ocrx_word' id='word_1_180' title='bbox 873 2194 1054 2255; x_wconf 80' lang='lat' dir='ltr'>servorum,</span> <span class='ocrx_word' id='word_1_181' title='bbox 1082 2194 1163 2258; x_wconf 90' lang='lat' dir='ltr'>quae</span> <span class='ocrx_word' id='word_1_182' title='bbox 1190 2174 1272 2238; x_wconf 90' lang='lat' dir='ltr'>fiunt</span> <span class='ocrx_word' id='word_1_183' title='bbox 1301 2176 1334 2238; x_wconf 91' lang='lat' dir='ltr'>in</span> <span class='ocrx_word' id='word_1_184' title='bbox 1354 2175 1499 2239; x_wconf 87' lang='lat' dir='ltr'>Flandris</span> <span class='ocrx_word' id='word_1_185' title='bbox 1528 2182 1559 2239; x_wconf 92' lang='lat' dir='ltr'>et</span> <span class='ocrx_word' id='word_1_186' title='bbox 1583 2177 1616 2238; x_wconf 91' lang='lat' dir='ltr'>in</span> <span class='ocrx_word' id='word_1_187' title='bbox 1640 2174 1801 2260; x_wconf 86' lang='lat' dir='ltr'>llenpisco</span> <span class='ocrx_word' id='word_1_188' title='bbox 1830 2184 1861 2240; x_wconf 84' lang='lat' dir='ltr'>ct</span> <span class='ocrx_word' id='word_1_189' title='bbox 1880 2176 1912 2238; x_wconf 87' lang='lat' dir='ltr'>iu</span> 
     </span>
     <span class='ocr_line' id='line_1_19' title="bbox 308 2278 1914 2361; baseline -0.002 -20"><span class='ocrx_word' id='word_1_190' title='bbox 308 2278 439 2341; x_wconf 86' lang='lat' dir='ltr'>caeteris</span> <span class='ocrx_word' id='word_1_191' title='bbox 459 2279 627 2342; x_wconf 86' lang='lat' dir='ltr'>maritimis</span> <span class='ocrx_word' id='word_1_192' title='bbox 639 2278 726 2358; x_wconf 93' lang='lat' dir='ltr'>locis,</span> <span class='ocrx_word' id='word_1_193' title='bbox 747 2278 897 2341; x_wconf 84' lang='lat' dir='ltr'>volumus</span> <span class='ocrx_word' id='word_1_194' title='bbox 920 2283 956 2340; x_wconf 95' lang='lat' dir='ltr'>ut</span> <span class='ocrx_word' id='word_1_195' title='bbox 975 2278 1156 2361; x_wconf 90' lang='lat' dir='ltr'>permissos</span> <span class='ocrx_word' id='word_1_196' title='bbox 1179 2285 1302 2340; x_wconf 87' lang='lat' dir='ltr'>nostros</span> <span class='ocrx_word' id='word_1_197' title='bbox 1323 2278 1481 2341; x_wconf 89' lang='lat' dir='ltr'>indicetur</span> <span class='ocrx_word' id='word_1_198' title='bbox 1502 2278 1639 2341; x_wconf 90' lang='lat' dir='ltr'>dominis</span> <span class='ocrx_word' id='word_1_199' title='bbox 1661 2298 1825 2342; x_wconf 79' lang='lat' dir='ltr'>servorum</span> <span class='ocrx_word' id='word_1_200' title='bbox 1846 2278 1914 2342; x_wconf 90' lang='lat' dir='ltr'>illo-</span> 
     </span>
     <span class='ocr_line' id='line_1_20' title="bbox 307 2379 1915 2464; baseline 0 -21"><span class='ocrx_word' id='word_1_201' title='bbox 307 2399 394 2460; x_wconf 91' lang='lat' dir='ltr'>rum,</span> <span class='ocrx_word' id='word_1_202' title='bbox 423 2387 459 2443; x_wconf 92' lang='lat' dir='ltr'>ut</span> <span class='ocrx_word' id='word_1_203' title='bbox 479 2381 697 2464; x_wconf 87' lang='lat' dir='ltr'>constringant</span> <span class='ocrx_word' id='word_1_204' title='bbox 715 2399 782 2458; x_wconf 91' lang='lat' dir='ltr'>eos,</span> <span class='ocrx_word' id='word_1_205' title='bbox 808 2379 952 2442; x_wconf 92' lang='lat' dir='ltr'>neultra</span> <span class='ocrx_word' id='word_1_206' title='bbox 971 2379 1049 2442; x_wconf 86' lang='lat' dir='ltr'>tales</span> <span class='ocrx_word' id='word_1_207' title='bbox 1074 2380 1307 2442; x_wconf 86' lang='lat' dir='ltr'>coniurationes</span> <span class='ocrx_word' id='word_1_208' title='bbox 1326 2379 1427 2444; x_wconf 89' lang='lat' dir='ltr'>facere</span> <span class='ocrx_word' id='word_1_209' title='bbox 1449 2388 1669 2464; x_wconf 73' lang='lat' dir='ltr'>praesumant,</span> <span class='ocrx_word' id='word_1_210' title='bbox 1699 2388 1729 2443; x_wconf 89' lang='lat' dir='ltr'>et</span> <span class='ocrx_word' id='word_1_211' title='bbox 1750 2387 1787 2443; x_wconf 89' lang='lat' dir='ltr'>ut</span> <span class='ocrx_word' id='word_1_212' title='bbox 1814 2382 1915 2444; x_wconf 88' lang='lat' dir='ltr'>sciant</span> 
     </span>
    </p>

    <p class='ocr_par' dir='ltr' id='par_1_9' title="bbox 269 2481 1915 2771">
     <span class='ocr_line' id='line_1_21' title="bbox 269 2481 1915 2567; baseline 0.002 -24"><span class='ocrx_word' id='word_1_213' title='bbox 269 2504 296 2543; x_wconf 76' lang='lat' dir='ltr'>ao</span> <span class='ocrx_word' id='word_1_214' title='bbox 309 2484 369 2567; x_wconf 91' lang='lat' dir='ltr'>ipsi</span> <span class='ocrx_word' id='word_1_215' title='bbox 390 2483 560 2547; x_wconf 84' lang='lat' dir='ltr'>corrmdem</span> <span class='ocrx_word' id='word_1_216' title='bbox 585 2502 749 2547; x_wconf 88' lang='lat' dir='ltr'>servorum</span> <span class='ocrx_word' id='word_1_217' title='bbox 770 2482 907 2562; x_wconf 87' lang='lat' dir='ltr'>domini,</span> <span class='ocrx_word' id='word_1_218' title='bbox 935 2481 1033 2564; x_wconf 90' lang='lat' dir='ltr'>quod,</span> <span class='ocrx_word' id='word_1_219' title='bbox 1061 2483 1294 2564; x_wconf 87' lang='lat' dir='ltr'>cuiuscumque</span> <span class='ocrx_word' id='word_1_220' title='bbox 1319 2483 1403 2545; x_wconf 78' lang='lat' dir='ltr'>servi</span> <span class='ocrx_word' id='word_1_221' title='bbox 1424 2482 1644 2545; x_wconf 88' lang='lat' dir='ltr'>huiuscemodi</span> <span class='ocrx_word' id='word_1_222' title='bbox 1663 2483 1915 2546; x_wconf 87' lang='lat' dir='ltr'>coniurationem</span> 
     </span>
     <span class='ocr_line' id='line_1_22' title="bbox 306 2582 1915 2669; baseline 0 -22"><span class='ocrx_word' id='word_1_223' title='bbox 306 2585 408 2649; x_wconf 91' lang='lat' dir='ltr'>facere</span> <span class='ocrx_word' id='word_1_224' title='bbox 427 2586 697 2669; x_wconf 86' lang='lat' dir='ltr'>praesumpserint</span> <span class='ocrx_word' id='word_1_225' title='bbox 717 2590 886 2667; x_wconf 90' lang='lat' dir='ltr'>postquam</span> <span class='ocrx_word' id='word_1_226' title='bbox 907 2585 953 2647; x_wconf 88' lang='lat' dir='ltr'>eis</span> <span class='ocrx_word' id='word_1_227' title='bbox 972 2583 1049 2647; x_wconf 89' lang='lat' dir='ltr'>haec</span> <span class='ocrx_word' id='word_1_228' title='bbox 1069 2590 1177 2647; x_wconf 89' lang='lat' dir='ltr'>nostra</span> <span class='ocrx_word' id='word_1_229' title='bbox 1198 2585 1296 2646; x_wconf 86' lang='lat' dir='ltr'>iussio</span> <span class='ocrx_word' id='word_1_230' title='bbox 1310 2583 1406 2647; x_wconf 85' lang='lat' dir='ltr'>fuerit</span> <span class='ocrx_word' id='word_1_231' title='bbox 1425 2584 1576 2664; x_wconf 89' lang='lat' dir='ltr'>indicata,</span> <span class='ocrx_word' id='word_1_232' title='bbox 1597 2582 1739 2646; x_wconf 88' lang='lat' dir='ltr'>bannum</span> <span class='ocrx_word' id='word_1_233' title='bbox 1763 2590 1915 2664; x_wconf 90' lang='lat' dir='ltr'>nostrum,</span> 
     </span>
     <span class='ocr_line' id='line_1_23' title="bbox 307 2684 1345 2771; baseline -0.001 -21"><span class='ocrx_word' id='word_1_234' title='bbox 307 2687 339 2750; x_wconf 90' lang='lat' dir='ltr'>id</span> <span class='ocrx_word' id='word_1_235' title='bbox 361 2693 410 2751; x_wconf 87' lang='lat' dir='ltr'>eat</span> <span class='ocrx_word' id='word_1_236' title='bbox 430 2688 596 2771; x_wconf 86' lang='lat' dir='ltr'>sexaginta</span> <span class='ocrx_word' id='word_1_237' title='bbox 618 2685 746 2763; x_wconf 80' lang='lat' dir='ltr'>solidae,</span> <span class='ocrx_word' id='word_1_238' title='bbox 767 2688 834 2770; x_wconf 91' lang='lat' dir='ltr'>ipse</span> <span class='ocrx_word' id='word_1_239' title='bbox 855 2685 1004 2748; x_wconf 89' lang='lat' dir='ltr'>dominus</span> <span class='ocrx_word' id='word_1_240' title='bbox 1025 2684 1201 2768; x_wconf 85' lang='lat' dir='ltr'>persolvere</span> <span class='ocrx_word' id='word_1_241' title='bbox 1225 2684 1345 2749; x_wconf 87' lang='lat' dir='ltr'>debeat.</span> 
     </span>
    </p>

    <p class='ocr_par' dir='ltr' id='par_1_10' title="bbox 307 2785 1916 2974">
     <span class='ocr_line' id='line_1_24' title="bbox 408 2785 1915 2869; baseline -0.003 -15"><span class='ocrx_word' id='word_1_242' title='bbox 408 2791 435 2855; x_wconf 89' lang='lat'>8.</span> <span class='ocrx_word' id='word_1_243' title='bbox 476 2785 596 2851; x_wconf 81' lang='lat' dir='ltr'>Dabis</span> <span class='ocrx_word' id='word_1_244' title='bbox 617 2788 673 2869; x_wconf 80' lang='lat' dir='ltr'>qui</span> <span class='ocrx_word' id='word_1_245' title='bbox 695 2787 730 2850; x_wconf 82' lang='lat' dir='ltr'>ia</span> <span class='ocrx_word' id='word_1_246' title='bbox 752 2786 841 2850; x_wconf 84' lang='lat' dir='ltr'>litore</span> <span class='ocrx_word' id='word_1_247' title='bbox 861 2785 1228 2867; x_wconf 76' lang='lat' dir='ltr'>mariasolemfaer’ant.</span> <span class='ocrx_word' id='word_1_248' title='bbox 1269 2785 1317 2851; x_wconf 88' lang='lat' dir='ltr'>De</span> <span class='ocrx_word' id='word_1_249' title='bbox 1337 2793 1419 2852; x_wconf 84' lang='lat' dir='ltr'>terra</span> <span class='ocrx_word' id='word_1_250' title='bbox 1439 2789 1474 2850; x_wconf 94' lang='lat' dir='ltr'>in</span> <span class='ocrx_word' id='word_1_251' title='bbox 1497 2788 1586 2852; x_wconf 87' lang='lat' dir='ltr'>litore</span> <span class='ocrx_word' id='word_1_252' title='bbox 1606 2790 1718 2867; x_wconf 88' lang='lat' dir='ltr'>maris,</span> <span class='ocrx_word' id='word_1_253' title='bbox 1739 2787 1796 2851; x_wconf 93' lang='lat' dir='ltr'>ubi</span> <span class='ocrx_word' id='word_1_254' title='bbox 1817 2788 1915 2851; x_wconf 90' lang='lat' dir='ltr'>salem</span> 
     </span>
     <span class='ocr_line' id='line_1_25' title="bbox 307 2889 1916 2974; baseline -0.001 -21"><span class='ocrx_word' id='word_1_255' title='bbox 307 2891 443 2970; x_wconf 90' lang='lat' dir='ltr'>faciunt,</span> <span class='ocrx_word' id='word_1_256' title='bbox 468 2891 617 2955; x_wconf 77' lang='lat' dir='ltr'>volumus</span> <span class='ocrx_word' id='word_1_257' title='bbox 637 2899 674 2954; x_wconf 94' lang='lat' dir='ltr'>ut</span> <span class='ocrx_word' id='word_1_258' title='bbox 694 2891 792 2973; x_wconf 89' lang='lat' dir='ltr'>aliqui</span> <span class='ocrx_word' id='word_1_259' title='bbox 811 2910 851 2954; x_wconf 83' lang='lat' dir='ltr'>ex</span> <span class='ocrx_word' id='word_1_260' title='bbox 873 2892 918 2954; x_wconf 89' lang='lat' dir='ltr'>eis</span> <span class='ocrx_word' id='word_1_261' title='bbox 937 2891 1068 2954; x_wconf 87' lang='lat' dir='ltr'>veniant</span> <span class='ocrx_word' id='word_1_262' title='bbox 1087 2891 1126 2953; x_wconf 88' lang='lat' dir='ltr'>ad</span> <span class='ocrx_word' id='word_1_263' title='bbox 1148 2890 1321 2974; x_wconf 67' lang='lat' dir='ltr'>placituml’</span> <span class='ocrx_word' id='word_1_264' title='bbox 1342 2896 1502 2969; x_wconf 86' lang='lat' dir='ltr'>nostrum,</span> <span class='ocrx_word' id='word_1_265' title='bbox 1524 2896 1555 2954; x_wconf 86' lang='lat' dir='ltr'>ct</span> <span class='ocrx_word' id='word_1_266' title='bbox 1575 2891 1654 2954; x_wconf 90' lang='lat' dir='ltr'>ratio</span> <span class='ocrx_word' id='word_1_267' title='bbox 1676 2910 1786 2954; x_wconf 88' lang='lat' dir='ltr'>eorum</span> <span class='ocrx_word' id='word_1_268' title='bbox 1807 2889 1916 2953; x_wconf 89' lang='lat' dir='ltr'>audia-</span> 
     </span>
    </p>

    <p class='ocr_par' dir='ltr' id='par_1_11' title="bbox 268 2991 1459 3075">
     <span class='ocr_line' id='line_1_26' title="bbox 268 2991 1459 3075; baseline 0.003 -25"><span class='ocrx_word' id='word_1_269' title='bbox 268 3013 295 3052; x_wconf 77' lang='lat' dir='ltr'>aa</span> <span class='ocrx_word' id='word_1_270' title='bbox 307 3000 375 3074; x_wconf 92' lang='lat' dir='ltr'>tur,</span> <span class='ocrx_word' id='word_1_271' title='bbox 396 3002 432 3058; x_wconf 91' lang='lat' dir='ltr'>ut</span> <span class='ocrx_word' id='word_1_272' title='bbox 453 3000 530 3058; x_wconf 90' lang='lat' dir='ltr'>tuno</span> <span class='ocrx_word' id='word_1_273' title='bbox 551 2994 727 3057; x_wconf 89' lang='lat' dir='ltr'>seeundum</span> <span class='ocrx_word' id='word_1_274' title='bbox 749 2993 938 3075; x_wconf 88' lang='lat' dir='ltr'>aequitatem</span> <span class='ocrx_word' id='word_1_275' title='bbox 962 2993 1117 3055; x_wconf 85' lang='lat' dir='ltr'>intereos</span> <span class='ocrx_word' id='word_1_276' title='bbox 1138 2991 1268 3055; x_wconf 89' lang='lat' dir='ltr'>definire</span> <span class='ocrx_word' id='word_1_277' title='bbox 1288 2991 1459 3056; x_wconf 87' lang='lat' dir='ltr'>valeamus.</span> 
     </span>
    </p>

    <p class='ocr_par' dir='ltr' id='par_1_12' title="bbox 307 3091 1917 3485">
     <span class='ocr_line' id='line_1_27' title="bbox 406 3091 1917 3174; baseline -0.004 -15"><span class='ocrx_word' id='word_1_278' title='bbox 406 3098 434 3159; x_wconf 84' lang='grc'>9.</span> <span class='ocrx_word' id='word_1_279' title='bbox 476 3095 526 3158; x_wconf 86' lang='lat' dir='ltr'>De</span> <span class='ocrx_word' id='word_1_280' title='bbox 545 3094 698 3159; x_wconf 72' lang='lat' dir='ltr'>erroribus</span> <span class='ocrx_word' id='word_1_281' title='bbox 718 3093 951 3174; x_wconf 72' lang='lat' dir='ltr'>destructorum,</span> <span class='ocrx_word' id='word_1_282' title='bbox 974 3113 1070 3174; x_wconf 78' lang='lat' dir='ltr'>quoru</span> <span class='ocrx_word' id='word_1_283' title='bbox 1085 3097 1211 3173; x_wconf 79' lang='lat' dir='ltr'>partem</span> <span class='ocrx_word' id='word_1_284' title='bbox 1232 3092 1492 3156; x_wconf 79' lang='lat' dir='ltr'>conlaborationis</span> <span class='ocrx_word' id='word_1_285' title='bbox 1505 3096 1579 3173; x_wconf 79' lang='lat' dir='ltr'>post</span> <span class='ocrx_word' id='word_1_286' title='bbox 1595 3091 1711 3155; x_wconf 71' lang='lat' dir='ltr'>abitror</span> <span class='ocrx_word' id='word_1_287' title='bbox 1731 3092 1917 3156; x_wconf 75' lang='lat' dir='ltr'>oraritorarm</span> 
     </span>
     <span class='ocr_line' id='line_1_28' title="bbox 307 3195 1916 3280; baseline -0.001 -20"><span class='ocrx_word' id='word_1_288' title='bbox 307 3197 446 3278; x_wconf 64' lang='lat' dir='ltr'>acapna</span> <span class='ocrx_word' id='word_1_289' title='bbox 470 3197 606 3260; x_wconf 80' lang='lat' dir='ltr'>debeant.</span> <span class='ocrx_word' id='word_1_290' title='bbox 655 3197 831 3275; x_wconf 87' lang='lat' dir='ltr'>Volumus,</span> <span class='ocrx_word' id='word_1_291' title='bbox 864 3202 899 3259; x_wconf 93' lang='lat' dir='ltr'>ut</span> <span class='ocrx_word' id='word_1_292' title='bbox 933 3215 1050 3260; x_wconf 79' lang='lat' dir='ltr'>trxores</span> <span class='ocrx_word' id='word_1_293' title='bbox 1077 3197 1297 3260; x_wconf 88' lang='lat' dir='ltr'>defunctorum</span> <span class='ocrx_word' id='word_1_294' title='bbox 1325 3202 1396 3280; x_wconf 95' lang='lat' dir='ltr'>post</span> <span class='ocrx_word' id='word_1_295' title='bbox 1425 3195 1545 3259; x_wconf 90' lang='lat' dir='ltr'>obitum</span> <span class='ocrx_word' id='word_1_296' title='bbox 1580 3197 1764 3259; x_wconf 89' lang='lat' dir='ltr'>maritorum</span> <span class='ocrx_word' id='word_1_297' title='bbox 1793 3197 1916 3258; x_wconf 88' lang='lat' dir='ltr'>tertiam</span> 
     </span>
     <span class='ocr_line' id='line_1_29' title="bbox 308 3296 1917 3385; baseline -0.002 -22"><span class='ocrx_word' id='word_1_298' title='bbox 308 3306 428 3385; x_wconf 85' lang='lat' dir='ltr'>partem</span> <span class='ocrx_word' id='word_1_299' title='bbox 449 3300 727 3375; x_wconf 88' lang='lat' dir='ltr'>conlaborationis,</span> <span class='ocrx_word' id='word_1_300' title='bbox 751 3319 847 3382; x_wconf 90' lang='lat' dir='ltr'>quam</span> <span class='ocrx_word' id='word_1_301' title='bbox 870 3299 965 3362; x_wconf 87' lang='lat' dir='ltr'>simul</span> <span class='ocrx_word' id='word_1_302' title='bbox 987 3300 1019 3361; x_wconf 91' lang='lat' dir='ltr'>in</span> <span class='ocrx_word' id='word_1_303' title='bbox 1044 3298 1198 3361; x_wconf 89' lang='lat' dir='ltr'>beneficio</span> <span class='ocrx_word' id='word_1_304' title='bbox 1219 3298 1515 3378; x_wconf 81' lang='lat' dir='ltr'>conlaboraverunt,</span> <span class='ocrx_word' id='word_1_305' title='bbox 1541 3298 1703 3381; x_wconf 87' lang='lat' dir='ltr'>accipiant.</span> <span class='ocrx_word' id='word_1_306' title='bbox 1745 3296 1786 3360; x_wconf 89' lang='lat' dir='ltr'>Et</span> <span class='ocrx_word' id='word_1_307' title='bbox 1809 3297 1847 3361; x_wconf 88' lang='lat' dir='ltr'>de</span> <span class='ocrx_word' id='word_1_308' title='bbox 1869 3297 1917 3359; x_wconf 88' lang='lat' dir='ltr'>his</span> 
     </span>
     <span class='ocr_line' id='line_1_30' title="bbox 308 3397 1916 3485; baseline -0.004 -19"><span class='ocrx_word' id='word_1_309' title='bbox 308 3402 420 3482; x_wconf 88' lang='lat' dir='ltr'>rebus,</span> <span class='ocrx_word' id='word_1_310' title='bbox 447 3421 528 3485; x_wconf 90' lang='lat' dir='ltr'>quas</span> <span class='ocrx_word' id='word_1_311' title='bbox 550 3402 652 3484; x_wconf 89' lang='lat' dir='ltr'>isqui</span> <span class='ocrx_word' id='word_1_312' title='bbox 680 3401 758 3464; x_wconf 91' lang='lat' dir='ltr'>illud</span> <span class='ocrx_word' id='word_1_313' title='bbox 786 3400 976 3464; x_wconf 86' lang='lat' dir='ltr'>beneficium</span> <span class='ocrx_word' id='word_1_314' title='bbox 1003 3399 1114 3463; x_wconf 90' lang='lat' dir='ltr'>babuit</span> <span class='ocrx_word' id='word_1_315' title='bbox 1139 3400 1266 3463; x_wconf 85' lang='lat' dir='ltr'>aliunde</span> <span class='ocrx_word' id='word_1_316' title='bbox 1295 3400 1428 3463; x_wconf 83' lang='lat' dir='ltr'>adduxit</span> <span class='ocrx_word' id='word_1_317' title='bbox 1454 3400 1503 3463; x_wconf 81' lang='lat' dir='ltr'>vel</span> <span class='ocrx_word' id='word_1_318' title='bbox 1532 3401 1714 3483; x_wconf 79' lang='lat' dir='ltr'>conparavit</span> <span class='ocrx_word' id='word_1_319' title='bbox 1741 3399 1790 3464; x_wconf 80' lang='lat' dir='ltr'>rel</span> <span class='ocrx_word' id='word_1_320' title='bbox 1819 3401 1848 3462; x_wconf 88' lang='lat' dir='ltr'>ei</span> <span class='ocrx_word' id='word_1_321' title='bbox 1878 3397 1916 3461; x_wconf 91' lang='lat' dir='ltr'>ab</span> 
     </span>
    </p>

    <p class='ocr_par' dir='ltr' id='par_1_13' title="bbox 269 3501 1918 3689">
     <span class='ocr_line' id='line_1_31' title="bbox 269 3501 1918 3585; baseline -0.001 -22"><span class='ocrx_word' id='word_1_322' title='bbox 269 3523 297 3563; x_wconf 81' lang='lat' dir='ltr'>ao</span> <span class='ocrx_word' id='word_1_323' title='bbox 310 3505 419 3568; x_wconf 89' lang='lat' dir='ltr'>amicis</span> <span class='ocrx_word' id='word_1_324' title='bbox 443 3506 511 3567; x_wconf 89' lang='lat' dir='ltr'>suis</span> <span class='ocrx_word' id='word_1_325' title='bbox 532 3504 692 3567; x_wconf 88' lang='lat' dir='ltr'>conlatum</span> <span class='ocrx_word' id='word_1_326' title='bbox 716 3510 776 3583; x_wconf 88' lang='lat' dir='ltr'>est,</span> <span class='ocrx_word' id='word_1_327' title='bbox 803 3503 859 3566; x_wconf 90' lang='lat' dir='ltr'>has</span> <span class='ocrx_word' id='word_1_328' title='bbox 888 3503 1037 3565; x_wconf 90' lang='lat' dir='ltr'>volumus</span> <span class='ocrx_word' id='word_1_329' title='bbox 1057 3509 1120 3565; x_wconf 86' lang='lat' dir='ltr'>tam</span> <span class='ocrx_word' id='word_1_330' title='bbox 1143 3502 1182 3564; x_wconf 93' lang='lat' dir='ltr'>ad</span> <span class='ocrx_word' id='word_1_331' title='bbox 1202 3501 1359 3585; x_wconf 86' lang='lat' dir='ltr'>orphanos</span> <span class='ocrx_word' id='word_1_332' title='bbox 1380 3502 1601 3565; x_wconf 88' lang='lat' dir='ltr'>defunctorum</span> <span class='ocrx_word' id='word_1_333' title='bbox 1622 3522 1717 3585; x_wconf 89' lang='lat' dir='ltr'>quam</span> <span class='ocrx_word' id='word_1_334' title='bbox 1740 3501 1779 3564; x_wconf 93' lang='lat' dir='ltr'>ad</span> <span class='ocrx_word' id='word_1_335' title='bbox 1801 3518 1918 3563; x_wconf 80' lang='lat' dir='ltr'>uxores</span> 
     </span>
     <span class='ocr_line' id='line_1_32' title="bbox 309 3607 613 3689; baseline -0.013 -19"><span class='ocrx_word' id='word_1_336' title='bbox 309 3625 418 3670; x_wconf 87' lang='lat' dir='ltr'>eorum</span> <span class='ocrx_word' id='word_1_337' title='bbox 442 3607 613 3689; x_wconf 90' lang='lat' dir='ltr'>pervenire.</span> 
     </span>
    </p>

    <p class='ocr_par' dir='ltr' id='par_1_14' title="bbox 311 3702 1919 3993">
     <span class='ocr_line' id='line_1_33' title="bbox 411 3702 1918 3789; baseline -0.003 -17"><span class='ocrx_word' id='word_1_338' title='bbox 411 3712 458 3774; x_wconf 83' lang='lat'>10.</span> <span class='ocrx_word' id='word_1_339' title='bbox 501 3705 552 3770; x_wconf 88' lang='lat' dir='ltr'>De</span> <span class='ocrx_word' id='word_1_340' title='bbox 572 3707 740 3787; x_wconf 76' lang='lat' dir='ltr'>apperibus</span> <span class='ocrx_word' id='word_1_341' title='bbox 761 3706 853 3769; x_wconf 74' lang='lat' dir='ltr'>iacta</span> <span class='ocrx_word' id='word_1_342' title='bbox 875 3706 1014 3786; x_wconf 72' lang='lat' dir='ltr'>Ligerim</span> <span class='ocrx_word' id='word_1_343' title='bbox 1033 3704 1197 3786; x_wconf 61' lang='lat' dir='ltr'>tetiardis.</span> <span class='ocrx_word' id='word_1_344' title='bbox 1238 3702 1287 3768; x_wconf 91' lang='lat' dir='ltr'>De</span> <span class='ocrx_word' id='word_1_345' title='bbox 1311 3705 1477 3789; x_wconf 84' lang='lat' dir='ltr'>aggeribus</span> <span class='ocrx_word' id='word_1_346' title='bbox 1498 3707 1588 3769; x_wconf 76' lang='lat' dir='ltr'>iuxta</span> <span class='ocrx_word' id='word_1_347' title='bbox 1601 3704 1735 3789; x_wconf 85' lang='lat' dir='ltr'>Ligerim</span> <span class='ocrx_word' id='word_1_348' title='bbox 1757 3705 1918 3781; x_wconf 89' lang='lat' dir='ltr'>faciendis,</span> 
     </span>
     <span class='ocr_line' id='line_1_34' title="bbox 312 3806 1919 3894; baseline -0.003 -20"><span class='ocrx_word' id='word_1_349' title='bbox 312 3816 349 3874; x_wconf 95' lang='lat' dir='ltr'>ut</span> <span class='ocrx_word' id='word_1_350' title='bbox 369 3810 472 3874; x_wconf 90' lang='lat' dir='ltr'>bonus</span> <span class='ocrx_word' id='word_1_351' title='bbox 494 3811 612 3874; x_wconf 87' lang='lat' dir='ltr'>missus</span> <span class='ocrx_word' id='word_1_352' title='bbox 634 3811 733 3874; x_wconf 88' lang='lat' dir='ltr'>eidem</span> <span class='ocrx_word' id='word_1_353' title='bbox 757 3810 842 3894; x_wconf 88' lang='lat' dir='ltr'>operi</span> <span class='ocrx_word' id='word_1_354' title='bbox 864 3817 1090 3893; x_wconf 88' lang='lat' dir='ltr'>praeponatur,</span> <span class='ocrx_word' id='word_1_355' title='bbox 1111 3814 1141 3871; x_wconf 92' lang='lat' dir='ltr'>et</span> <span class='ocrx_word' id='word_1_356' title='bbox 1163 3808 1221 3871; x_wconf 93' lang='lat' dir='ltr'>boc</span> <span class='ocrx_word' id='word_1_357' title='bbox 1240 3806 1375 3891; x_wconf 90' lang='lat' dir='ltr'>Pippino</span> <span class='ocrx_word' id='word_1_358' title='bbox 1396 3827 1451 3890; x_wconf 92' lang='lat' dir='ltr'>per</span> <span class='ocrx_word' id='word_1_359' title='bbox 1470 3815 1613 3870; x_wconf 85' lang='lat' dir='ltr'>nostrum</span> <span class='ocrx_word' id='word_1_360' title='bbox 1634 3809 1768 3871; x_wconf 87' lang='lat' dir='ltr'>missurn</span> <span class='ocrx_word' id='word_1_361' title='bbox 1791 3806 1919 3870; x_wconf 87' lang='lat' dir='ltr'>mande·</span> 
     </span>
     <span class='ocr_line' id='line_1_35' title="bbox 311 3909 1719 3993; baseline -0.004 -17"><span class='ocrx_word' id='word_1_362' title='bbox 311 3919 378 3991; x_wconf 89' lang='lat' dir='ltr'>tur,</span> <span class='ocrx_word' id='word_1_363' title='bbox 399 3917 485 3977; x_wconf 90' lang='lat' dir='ltr'>utet</span> <span class='ocrx_word' id='word_1_364' title='bbox 504 3912 556 3976; x_wconf 90' lang='lat' dir='ltr'>ille</span> <span class='ocrx_word' id='word_1_365' title='bbox 577 3913 616 3975; x_wconf 89' lang='lat' dir='ltr'>ad</span> <span class='ocrx_word' id='word_1_366' title='bbox 637 3913 695 3975; x_wconf 92' lang='lat' dir='ltr'>boc</span> <span class='ocrx_word' id='word_1_367' title='bbox 716 3914 850 3976; x_wconf 88' lang='lat' dir='ltr'>missum</span> <span class='ocrx_word' id='word_1_368' title='bbox 874 3913 1012 3989; x_wconf 88' lang='lat' dir='ltr'>ordinet,</span> <span class='ocrx_word' id='word_1_369' title='bbox 1033 3916 1191 3993; x_wconf 86' lang='lat' dir='ltr'>quatenus</span> <span class='ocrx_word' id='word_1_370' title='bbox 1214 3909 1408 3993; x_wconf 88' lang='lat' dir='ltr'>praedictum</span> <span class='ocrx_word' id='word_1_371' title='bbox 1430 3929 1510 3993; x_wconf 90' lang='lat' dir='ltr'>opus</span> <span class='ocrx_word' id='word_1_372' title='bbox 1532 3910 1719 3992; x_wconf 84' lang='lat' dir='ltr'>perficiatur.</span> 
     </span>
    </p>

    <p class='ocr_par' dir='ltr' id='par_1_15' title="bbox 269 4009 1920 4505">
     <span class='ocr_line' id='line_1_36' title="bbox 269 4009 1920 4096; baseline -0.004 -17"><span class='ocrx_word' id='word_1_373' title='bbox 269 4030 298 4069; x_wconf 78' lang='lat'>³⁵</span> <span class='ocrx_word' id='word_1_374' title='bbox 415 4019 459 4079; x_wconf 87' lang='lat' dir='ltr'>ll.</span> <span class='ocrx_word' id='word_1_375' title='bbox 502 4012 552 4077; x_wconf 87' lang='lat' dir='ltr'>De</span> <span class='ocrx_word' id='word_1_376' title='bbox 573 4014 733 4077; x_wconf 76' lang='lat' dir='ltr'>derodecim</span> <span class='ocrx_word' id='word_1_377' title='bbox 751 4013 901 4094; x_wconf 77' lang='lat' dir='ltr'>pontibus</span> <span class='ocrx_word' id='word_1_378' title='bbox 922 4032 1018 4092; x_wconf 77' lang='lat' dir='ltr'>saper</span> <span class='ocrx_word' id='word_1_379' title='bbox 1039 4010 1218 4091; x_wconf 62' lang='lat' dir='ltr'>§equanam</span> <span class='ocrx_word' id='word_1_380' title='bbox 1238 4011 1468 4073; x_wconf 74' lang='lat' dir='ltr'>radouruadr&#39;s.</span> <span class='ocrx_word' id='word_1_381' title='bbox 1509 4010 1557 4075; x_wconf 90' lang='lat' dir='ltr'>De</span> <span class='ocrx_word' id='word_1_382' title='bbox 1578 4010 1745 4075; x_wconf 86' lang='lat' dir='ltr'>duodecim</span> <span class='ocrx_word' id='word_1_383' title='bbox 1770 4009 1920 4096; x_wconf 89' lang='lat' dir='ltr'>pontibus</span> 
     </span>
     <span class='ocr_line' id='line_1_37' title="bbox 314 4112 1920 4201; baseline -0.004 -20"><span class='ocrx_word' id='word_1_384' title='bbox 314 4137 410 4201; x_wconf 88' lang='lat' dir='ltr'>super</span> <span class='ocrx_word' id='word_1_385' title='bbox 430 4118 611 4200; x_wconf 87' lang='lat' dir='ltr'>Sequanam</span> <span class='ocrx_word' id='word_1_386' title='bbox 634 4117 796 4193; x_wconf 87' lang='lat' dir='ltr'>volumus,</span> <span class='ocrx_word' id='word_1_387' title='bbox 821 4124 857 4179; x_wconf 92' lang='lat' dir='ltr'>ut</span> <span class='ocrx_word' id='word_1_388' title='bbox 878 4117 909 4179; x_wconf 90' lang='lat' dir='ltr'>bi</span> <span class='ocrx_word' id='word_1_389' title='bbox 933 4133 1086 4200; x_wconf 84' lang='lat' dir='ltr'>pagenses</span> <span class='ocrx_word' id='word_1_390' title='bbox 1108 4115 1162 4197; x_wconf 93' lang='lat' dir='ltr'>qui</span> <span class='ocrx_word' id='word_1_391' title='bbox 1184 4133 1238 4177; x_wconf 87' lang='lat' dir='ltr'>eos</span> <span class='ocrx_word' id='word_1_392' title='bbox 1258 4114 1358 4178; x_wconf 85' lang='lat' dir='ltr'>facere</span> <span class='ocrx_word' id='word_1_393' title='bbox 1378 4112 1529 4177; x_wconf 83' lang='lat' dir='ltr'>debeata</span> <span class='ocrx_word' id='word_1_394' title='bbox 1549 4115 1656 4177; x_wconf 88' lang='lat' dir='ltr'>missis</span> <span class='ocrx_word' id='word_1_395' title='bbox 1677 4115 1792 4177; x_wconf 82' lang='lat' dir='ltr'>nostris</span> <span class='ocrx_word' id='word_1_396' title='bbox 1813 4113 1920 4177; x_wconf 90' lang='lat' dir='ltr'>admo·</span> 
     </span>
     <span class='ocr_line' id='line_1_38' title="bbox 317 4217 1920 4297; baseline -0.003 -15"><span class='ocrx_word' id='word_1_397' title='bbox 317 4228 467 4297; x_wconf 90' lang='lat' dir='ltr'>neantur,</span> <span class='ocrx_word' id='word_1_398' title='bbox 493 4229 529 4283; x_wconf 92' lang='lat' dir='ltr'>ut</span> <span class='ocrx_word' id='word_1_399' title='bbox 555 4239 608 4283; x_wconf 90' lang='lat' dir='ltr'>cos</span> <span class='ocrx_word' id='word_1_400' title='bbox 635 4220 778 4283; x_wconf 88' lang='lat' dir='ltr'>celeriter</span> <span class='ocrx_word' id='word_1_401' title='bbox 805 4224 981 4282; x_wconf 87' lang='lat' dir='ltr'>restaurent</span> <span class='ocrx_word' id='word_1_402' title='bbox 1008 4224 1039 4280; x_wconf 91' lang='lat' dir='ltr'>ct</span> <span class='ocrx_word' id='word_1_403' title='bbox 1071 4222 1106 4279; x_wconf 91' lang='lat' dir='ltr'>ut</span> <span class='ocrx_word' id='word_1_404' title='bbox 1137 4234 1246 4279; x_wconf 88' lang='lat' dir='ltr'>eorum</span> <span class='ocrx_word' id='word_1_405' title='bbox 1277 4235 1377 4279; x_wconf 87' lang='lat' dir='ltr'>vanae</span> <span class='ocrx_word' id='word_1_406' title='bbox 1404 4217 1597 4279; x_wconf 84' lang='lat' dir='ltr'>contentioni</span> <span class='ocrx_word' id='word_1_407' title='bbox 1623 4236 1685 4278; x_wconf 88' lang='lat' dir='ltr'>non</span> <span class='ocrx_word' id='word_1_408' title='bbox 1713 4217 1920 4289; x_wconf 86' lang='lat' dir='ltr'>consentiant,</span> 
     </span>
     <span class='ocr_line' id='line_1_39' title="bbox 319 4317 1919 4404; baseline -0.004 -20"><span class='ocrx_word' id='word_1_409' title='bbox 319 4323 446 4404; x_wconf 90' lang='lat' dir='ltr'>quando</span> <span class='ocrx_word' id='word_1_410' title='bbox 468 4322 630 4385; x_wconf 85' lang='lat' dir='ltr'>dicuntae</span> <span class='ocrx_word' id='word_1_411' title='bbox 652 4341 715 4385; x_wconf 91' lang='lat' dir='ltr'>non</span> <span class='ocrx_word' id='word_1_412' title='bbox 739 4320 835 4384; x_wconf 91' lang='lat' dir='ltr'>aliubi</span> <span class='ocrx_word' id='word_1_413' title='bbox 859 4320 983 4383; x_wconf 91' lang='lat' dir='ltr'>eosdem</span> <span class='ocrx_word' id='word_1_414' title='bbox 1005 4330 1118 4402; x_wconf 90' lang='lat' dir='ltr'>pontes</span> <span class='ocrx_word' id='word_1_415' title='bbox 1145 4318 1247 4381; x_wconf 86' lang='lat' dir='ltr'>facere</span> <span class='ocrx_word' id='word_1_416' title='bbox 1274 4317 1387 4381; x_wconf 87' lang='lat' dir='ltr'>debere</span> <span class='ocrx_word' id='word_1_417' title='bbox 1413 4319 1475 4381; x_wconf 86' lang='lat' dir='ltr'>nisi</span> <span class='ocrx_word' id='word_1_418' title='bbox 1496 4317 1551 4380; x_wconf 89' lang='lat' dir='ltr'>ubi</span> <span class='ocrx_word' id='word_1_419' title='bbox 1575 4319 1751 4400; x_wconf 83' lang='lat' dir='ltr'>antiquitus</span> <span class='ocrx_word' id='word_1_420' title='bbox 1778 4318 1919 4394; x_wconf 88' lang='lat' dir='ltr'>fueraut;</span> 
     </span>
     <span class='ocr_line' id='line_1_40' title="bbox 320 4419 1441 4505; baseline -0.004 -18"><span class='ocrx_word' id='word_1_421' title='bbox 320 4424 373 4487; x_wconf 91' lang='lat' dir='ltr'>sed</span> <span class='ocrx_word' id='word_1_422' title='bbox 394 4424 438 4487; x_wconf 93' lang='lat' dir='ltr'>ibi</span> <span class='ocrx_word' id='word_1_423' title='bbox 461 4424 515 4487; x_wconf 91' lang='lat' dir='ltr'>ubi</span> <span class='ocrx_word' id='word_1_424' title='bbox 537 4444 624 4487; x_wconf 91' lang='lat' dir='ltr'>nunc</span> <span class='ocrx_word' id='word_1_425' title='bbox 647 4443 775 4487; x_wconf 86' lang='lat' dir='ltr'>necesse</span> <span class='ocrx_word' id='word_1_426' title='bbox 795 4428 842 4485; x_wconf 87' lang='lat' dir='ltr'>cst</span> <span class='ocrx_word' id='word_1_427' title='bbox 863 4422 989 4485; x_wconf 87' lang='lat' dir='ltr'>eosdem</span> <span class='ocrx_word' id='word_1_428' title='bbox 1011 4430 1122 4505; x_wconf 86' lang='lat' dir='ltr'>pontes</span> <span class='ocrx_word' id='word_1_429' title='bbox 1142 4421 1243 4484; x_wconf 84' lang='lat' dir='ltr'>facere</span> <span class='ocrx_word' id='word_1_430' title='bbox 1265 4419 1441 4484; x_wconf 87' lang='lat' dir='ltr'>iubeantur.</span> 
     </span>
    </p>

    <p class='ocr_par' dir='ltr' id='par_1_16' title="bbox 270 4520 1921 4794">
     <span class='ocr_line' id='line_1_41' title="bbox 270 4520 1919 4607; baseline -0.005 -16"><span class='ocrx_word' id='word_1_431' title='bbox 270 4543 300 4582; x_wconf 81' lang='lat'>⁴⁰</span> <span class='ocrx_word' id='word_1_432' title='bbox 414 4527 460 4591; x_wconf 80' lang='lat'>12.</span> <span class='ocrx_word' id='word_1_433' title='bbox 503 4523 553 4588; x_wconf 85' lang='lat' dir='ltr'>De</span> <span class='ocrx_word' id='word_1_434' title='bbox 577 4525 722 4588; x_wconf 76' lang='lat' dir='ltr'>manibus</span> <span class='ocrx_word' id='word_1_435' title='bbox 738 4523 890 4605; x_wconf 72' lang='lat' dir='ltr'>pratibus</span> <span class='ocrx_word' id='word_1_436' title='bbox 909 4522 1072 4605; x_wconf 71' lang='lat' dir='ltr'>semendis.</span> <span class='ocrx_word' id='word_1_437' title='bbox 1113 4521 1161 4587; x_wconf 88' lang='lat' dir='ltr'>De</span> <span class='ocrx_word' id='word_1_438' title='bbox 1187 4522 1337 4586; x_wconf 84' lang='lat' dir='ltr'>omnibus</span> <span class='ocrx_word' id='word_1_439' title='bbox 1362 4520 1511 4607; x_wconf 91' lang='lat' dir='ltr'>pontibus</span> <span class='ocrx_word' id='word_1_440' title='bbox 1532 4541 1588 4606; x_wconf 89' lang='lat' dir='ltr'>per</span> <span class='ocrx_word' id='word_1_441' title='bbox 1616 4541 1748 4605; x_wconf 85' lang='lat' dir='ltr'>regnum</span> <span class='ocrx_word' id='word_1_442' title='bbox 1777 4532 1919 4584; x_wconf 87' lang='lat' dir='ltr'>nostrum</span> 
     </span>
     <span class='ocr_line' id='line_1_42' title="bbox 314 4623 1921 4708; baseline -0.002 -18"><span class='ocrx_word' id='word_1_443' title='bbox 314 4628 466 4692; x_wconf 85' lang='lat' dir='ltr'>faciendis</span> <span class='ocrx_word' id='word_1_444' title='bbox 487 4629 519 4690; x_wconf 93' lang='lat' dir='ltr'>in</span> <span class='ocrx_word' id='word_1_445' title='bbox 541 4646 711 4691; x_wconf 87' lang='lat' dir='ltr'>commune</span> <span class='ocrx_word' id='word_1_446' title='bbox 731 4628 820 4690; x_wconf 87' lang='lat' dir='ltr'>missi</span> <span class='ocrx_word' id='word_1_447' title='bbox 843 4626 940 4689; x_wconf 86' lang='lat' dir='ltr'>nostri</span> <span class='ocrx_word' id='word_1_448' title='bbox 967 4626 1172 4703; x_wconf 88' lang='lat' dir='ltr'>admoneant,</span> <span class='ocrx_word' id='word_1_449' title='bbox 1201 4633 1236 4688; x_wconf 93' lang='lat' dir='ltr'>ut</span> <span class='ocrx_word' id='word_1_450' title='bbox 1262 4623 1301 4687; x_wconf 88' lang='lat' dir='ltr'>ab</span> <span class='ocrx_word' id='word_1_451' title='bbox 1330 4625 1406 4708; x_wconf 84' lang='lat' dir='ltr'>ipsis</span> <span class='ocrx_word' id='word_1_452' title='bbox 1428 4631 1643 4688; x_wconf 87' lang='lat' dir='ltr'>restaurentur</span> <span class='ocrx_word' id='word_1_453' title='bbox 1671 4625 1726 4706; x_wconf 91' lang='lat' dir='ltr'>qui</span> <span class='ocrx_word' id='word_1_454' title='bbox 1748 4643 1801 4687; x_wconf 88' lang='lat' dir='ltr'>eos</span> <span class='ocrx_word' id='word_1_455' title='bbox 1820 4624 1921 4687; x_wconf 84' lang='lat' dir='ltr'>facere</span> 
     </span>
     <span class='ocr_line' id='line_1_43' title="bbox 312 4729 460 4794; baseline -0.007 0"><span class='ocrx_word' id='word_1_456' title='bbox 312 4729 460 4794; x_wconf 88' lang='lat' dir='ltr'>solebant</span> 
     </span>
    </p>

    <p class='ocr_par' dir='ltr' id='par_1_17' title="bbox 317 4828 1924 5016">
     <span class='ocr_line' id='line_1_44' title="bbox 416 4828 1923 4913; baseline -0.004 -17"><span class='ocrx_word' id='word_1_457' title='bbox 416 4835 462 4897; x_wconf 82' lang='lat'>13.</span> <span class='ocrx_word' id='word_1_458' title='bbox 504 4830 552 4896; x_wconf 85' lang='lat' dir='ltr'>De</span> <span class='ocrx_word' id='word_1_459' title='bbox 574 4833 692 4895; x_wconf 87' lang='lat' dir='ltr'>bonore</span> <span class='ocrx_word' id='word_1_460' title='bbox 715 4831 928 4895; x_wconf 89' lang='lat' dir='ltr'>ecclesiarum.</span> <span class='ocrx_word' id='word_1_461' title='bbox 969 4832 1002 4894; x_wconf 83' lang='lat' dir='ltr'>Si</span> <span class='ocrx_word' id='word_1_462' title='bbox 1032 4831 1104 4913; x_wconf 90' lang='lat' dir='ltr'>quis</span> <span class='ocrx_word' id='word_1_463' title='bbox 1130 4837 1184 4892; x_wconf 89' lang='lat' dir='ltr'>aut</span> <span class='ocrx_word' id='word_1_464' title='bbox 1206 4849 1246 4892; x_wconf 82' lang='lat' dir='ltr'>cx</span> <span class='ocrx_word' id='word_1_465' title='bbox 1274 4830 1334 4893; x_wconf 83' lang='lat' dir='ltr'>levi</span> <span class='ocrx_word' id='word_1_466' title='bbox 1358 4848 1453 4891; x_wconf 75' lang='lat' dir='ltr'>carisa</span> <span class='ocrx_word' id='word_1_467' title='bbox 1474 4835 1529 4892; x_wconf 92' lang='lat' dir='ltr'>aut</span> <span class='ocrx_word' id='word_1_468' title='bbox 1557 4829 1625 4890; x_wconf 90' lang='lat' dir='ltr'>sine</span> <span class='ocrx_word' id='word_1_469' title='bbox 1646 4847 1742 4890; x_wconf 80' lang='lat' dir='ltr'>causa</span> <span class='ocrx_word' id='word_1_470' title='bbox 1763 4828 1923 4891; x_wconf 86' lang='lat' dir='ltr'>homiuem</span> 
     </span>
     <span class='ocr_line' id='line_1_45' title="bbox 317 4929 1924 5016; baseline -0.004 -19"><span class='ocrx_word' id='word_1_471' title='bbox 317 4935 349 4997; x_wconf 90' lang='lat' dir='ltr'>in</span> <span class='ocrx_word' id='word_1_472' title='bbox 373 4936 503 4999; x_wconf 86' lang='lat' dir='ltr'>ecelesia</span> <span class='ocrx_word' id='word_1_473' title='bbox 525 4935 728 5010; x_wconf 63' lang='lat' dir='ltr'>interfecerit,</span> <span class='ocrx_word' id='word_1_474' title='bbox 756 4933 879 4997; x_wconf 84' lang='lat' dir='ltr'>devita</span> <span class='ocrx_word' id='word_1_475' title='bbox 902 4941 1066 5016; x_wconf 86' lang='lat' dir='ltr'>conponat.</span> <span class='ocrx_word' id='word_1_476' title='bbox 1108 4930 1140 4995; x_wconf 84' lang='lat' dir='ltr'>Si</span> <span class='ocrx_word' id='word_1_477' title='bbox 1161 4950 1236 4994; x_wconf 76' lang='lat' dir='ltr'>vero</span> <span class='ocrx_word' id='word_1_478' title='bbox 1260 4931 1336 4994; x_wconf 89' lang='lat' dir='ltr'>foris</span> <span class='ocrx_word' id='word_1_479' title='bbox 1358 4931 1451 4993; x_wconf 80' lang='lat' dir='ltr'>rixati</span> <span class='ocrx_word' id='word_1_480' title='bbox 1472 4930 1601 5008; x_wconf 86' lang='lat' dir='ltr'>fuerint,</span> <span class='ocrx_word' id='word_1_481' title='bbox 1630 4937 1661 4992; x_wconf 88' lang='lat' dir='ltr'>et</span> <span class='ocrx_word' id='word_1_482' title='bbox 1684 4949 1769 4992; x_wconf 84' lang='lat' dir='ltr'>uuus</span> <span class='ocrx_word' id='word_1_483' title='bbox 1789 4929 1924 4992; x_wconf 86' lang='lat' dir='ltr'>alterum</span> 
     </span>
    </p>

    <p class='ocr_par' dir='ltr' id='par_1_18' title="bbox 272 5031 1926 5425">
     <span class='ocr_line' id='line_1_46' title="bbox 272 5031 1923 5120; baseline -0.001 -26"><span class='ocrx_word' id='word_1_484' title='bbox 272 5053 301 5093; x_wconf 74' lang='lat' dir='ltr'>aa</span> <span class='ocrx_word' id='word_1_485' title='bbox 321 5037 354 5098; x_wconf 91' lang='lat' dir='ltr'>in</span> <span class='ocrx_word' id='word_1_486' title='bbox 378 5037 540 5100; x_wconf 83' lang='lat' dir='ltr'>ecclesiam</span> <span class='ocrx_word' id='word_1_487' title='bbox 563 5037 679 5120; x_wconf 86' lang='lat' dir='ltr'>fugerit</span> <span class='ocrx_word' id='word_1_488' title='bbox 699 5043 747 5099; x_wconf 75' lang='lat' dir='ltr'>et⁶</span> <span class='ocrx_word' id='word_1_489' title='bbox 768 5035 812 5098; x_wconf 93' lang='lat' dir='ltr'>ibi</span> <span class='ocrx_word' id='word_1_490' title='bbox 834 5054 868 5098; x_wconf 86' lang='lat' dir='ltr'>se</span> <span class='ocrx_word' id='word_1_491' title='bbox 888 5034 1084 5098; x_wconf 86' lang='lat' dir='ltr'>defendendo</span> <span class='ocrx_word' id='word_1_492' title='bbox 1106 5052 1178 5096; x_wconf 91' lang='lat' dir='ltr'>eum</span> <span class='ocrx_word' id='word_1_493' title='bbox 1201 5033 1403 5111; x_wconf 85' lang='lat' dir='ltr'>interleccn&#39;t,</span> <span class='ocrx_word' id='word_1_494' title='bbox 1429 5039 1460 5096; x_wconf 86' lang='lat' dir='ltr'>ct</span> <span class='ocrx_word' id='word_1_495' title='bbox 1487 5031 1632 5095; x_wconf 85' lang='lat' dir='ltr'>sibulus</span> <span class='ocrx_word' id='word_1_496' title='bbox 1653 5031 1724 5094; x_wconf 85' lang='lat' dir='ltr'>facti</span> <span class='ocrx_word' id='word_1_497' title='bbox 1744 5039 1839 5095; x_wconf 85' lang='lat' dir='ltr'>testes</span> <span class='ocrx_word' id='word_1_498' title='bbox 1860 5051 1923 5094; x_wconf 92' lang='lat' dir='ltr'>non</span> 
     </span>
     <span class='ocr_line' id='line_1_47' title="bbox 321 5133 1925 5218; baseline -0.001 -19"><span class='ocrx_word' id='word_1_499' title='bbox 321 5136 479 5218; x_wconf 88' lang='lat' dir='ltr'>babuerit,</span> <span class='ocrx_word' id='word_1_500' title='bbox 507 5157 579 5202; x_wconf 91' lang='lat' dir='ltr'>cum</span> <span class='ocrx_word' id='word_1_501' title='bbox 607 5138 771 5201; x_wconf 90' lang='lat' dir='ltr'>duodecim</span> <span class='ocrx_word' id='word_1_502' title='bbox 797 5135 1050 5199; x_wconf 87' lang='lat' dir='ltr'>coniuratoribus</span> <span class='ocrx_word' id='word_1_503' title='bbox 1077 5135 1225 5216; x_wconf 84' lang='lat' dir='ltr'>legitimis</span> <span class='ocrx_word' id='word_1_504' title='bbox 1250 5153 1306 5217; x_wconf 88' lang='lat' dir='ltr'>per</span> <span class='ocrx_word' id='word_1_505' title='bbox 1331 5145 1563 5198; x_wconf 88' lang='lat' dir='ltr'>sacramentum</span> <span class='ocrx_word' id='word_1_506' title='bbox 1590 5133 1734 5197; x_wconf 90' lang='lat' dir='ltr'>adfirmet</span> <span class='ocrx_word' id='word_1_507' title='bbox 1761 5152 1795 5197; x_wconf 91' lang='lat' dir='ltr'>se</span> <span class='ocrx_word' id='word_1_508' title='bbox 1821 5133 1925 5197; x_wconf 88' lang='lat' dir='ltr'>defen·</span> 
     </span>
     <span class='ocr_line' id='line_1_48' title="bbox 320 5235 1925 5322; baseline -0.002 -21"><span class='ocrx_word' id='word_1_509' title='bbox 320 5237 423 5302; x_wconf 89' lang='lat' dir='ltr'>dendo</span> <span class='ocrx_word' id='word_1_510' title='bbox 445 5258 518 5303; x_wconf 93' lang='lat' dir='ltr'>eum</span> <span class='ocrx_word' id='word_1_511' title='bbox 549 5240 757 5318; x_wconf 79' lang='lat' dir='ltr'>interfecisse,</span> <span class='ocrx_word' id='word_1_512' title='bbox 782 5245 813 5302; x_wconf 92' lang='lat' dir='ltr'>et</span> <span class='ocrx_word' id='word_1_513' title='bbox 843 5246 912 5322; x_wconf 87' lang='lat' dir='ltr'>post</span> <span class='ocrx_word' id='word_1_514' title='bbox 940 5238 1016 5300; x_wconf 85' lang='lat' dir='ltr'>haec</span> <span class='ocrx_word' id='word_1_515' title='bbox 1045 5245 1211 5300; x_wconf 84' lang='lat' dir='ltr'>sexcentos</span> <span class='ocrx_word' id='word_1_516' title='bbox 1233 5236 1348 5299; x_wconf 92' lang='lat' dir='ltr'>solidos</span> <span class='ocrx_word' id='word_1_517' title='bbox 1374 5237 1412 5300; x_wconf 93' lang='lat' dir='ltr'>ad</span> <span class='ocrx_word' id='word_1_518' title='bbox 1439 5245 1560 5320; x_wconf 87' lang='lat' dir='ltr'>partem</span> <span class='ocrx_word' id='word_1_519' title='bbox 1585 5236 1734 5300; x_wconf 87' lang='lat' dir='ltr'>ecclesiae</span> <span class='ocrx_word' id='word_1_520' title='bbox 1756 5255 1852 5320; x_wconf 91' lang='lat' dir='ltr'>quam</span> <span class='ocrx_word' id='word_1_521' title='bbox 1873 5235 1925 5298; x_wconf 92' lang='lat' dir='ltr'>illo</span> 
     </span>
     <span class='ocr_line' id='line_1_49' title="bbox 319 5338 1926 5425; baseline -0.002 -22"><span class='ocrx_word' id='word_1_522' title='bbox 319 5340 489 5404; x_wconf 90' lang='lat' dir='ltr'>homicidio</span> <span class='ocrx_word' id='word_1_523' title='bbox 510 5341 665 5425; x_wconf 88' lang='lat' dir='ltr'>polluerat</span> <span class='ocrx_word' id='word_1_524' title='bbox 694 5350 724 5404; x_wconf 89' lang='lat' dir='ltr'>et</span> <span class='ocrx_word' id='word_1_525' title='bbox 750 5342 899 5424; x_wconf 80' lang='lat' dir='ltr'>insupert</span> <span class='ocrx_word' id='word_1_526' title='bbox 927 5339 1070 5402; x_wconf 89' lang='lat' dir='ltr'>bannum</span> <span class='ocrx_word' id='word_1_527' title='bbox 1098 5348 1243 5401; x_wconf 89' lang='lat' dir='ltr'>nostrum</span> <span class='ocrx_word' id='word_1_528' title='bbox 1273 5338 1394 5402; x_wconf 78' lang='lat' dir='ltr'>solvere</span> <span class='ocrx_word' id='word_1_529' title='bbox 1420 5350 1564 5423; x_wconf 62' lang='lat' dir='ltr'>rogatum</span> <span class='ocrx_word' id='word_1_530' title='bbox 1592 5340 1618 5402; x_wconf 90' lang='lat' dir='ltr'>is</span> <span class='ocrx_word' id='word_1_531' title='bbox 1645 5357 1719 5402; x_wconf 78' lang='lat' dir='ltr'>vero</span> <span class='ocrx_word' id='word_1_532' title='bbox 1747 5339 1802 5421; x_wconf 92' lang='lat' dir='ltr'>qui</span> <span class='ocrx_word' id='word_1_533' title='bbox 1831 5339 1926 5400; x_wconf 85' lang='lat' dir='ltr'>inter-</span> 
     </span>
    </p>
   </div>
   <div class='ocr_carea' id='block_1_3' title="bbox 275 5492 1928 5730">
    <p class='ocr_par' dir='ltr' id='par_1_19' title="bbox 275 5492 1928 5730">
     <span class='ocr_line' id='line_1_50' title="bbox 418 5492 1928 5569; baseline -0.005 -17"><span class='ocrx_word' id='word_1_534' title='bbox 418 5497 446 5568; x_wconf 89' lang='lat' dir='ltr'>a)</span> <span class='ocrx_word' id='word_1_535' title='bbox 469 5498 629 5569; x_wconf 86' lang='lat' dir='ltr'>accphenen</span> <span class='ocrx_word' id='word_1_536' title='bbox 642 5513 779 5567; x_wconf 65' lang='lat' dir='ltr'>cupream.</span> <span class='ocrx_word' id='word_1_537' title='bbox 793 5495 819 5547; x_wconf 79' lang='lat' dir='ltr'>io</span> <span class='ocrx_word' id='word_1_538' title='bbox 832 5495 893 5547; x_wconf 80' lang='lat' dir='ltr'>ced.</span> <span class='ocrx_word' id='word_1_539' title='bbox 906 5493 1040 5548; x_wconf 68' lang='lat' dir='ltr'>sellettat.</span> <span class='ocrx_word' id='word_1_540' title='bbox 1116 5493 1145 5559; x_wconf 73' lang='lat' dir='ltr'>b)</span> <span class='ocrx_word' id='word_1_541' title='bbox 1166 5493 1301 5565; x_wconf 86' lang='lat' dir='ltr'>palatium</span> <span class='ocrx_word' id='word_1_542' title='bbox 1315 5495 1376 5547; x_wconf 70' lang='lat' dir='ltr'>cod</span> <span class='ocrx_word' id='word_1_543' title='bbox 1387 5494 1487 5549; x_wconf 71' lang='lat' dir='ltr'>Batoi.</span> <span class='ocrx_word' id='word_1_544' title='bbox 1500 5494 1558 5547; x_wconf 82' lang='lat' dir='ltr'>l‘ot.</span> <span class='ocrx_word' id='word_1_545' title='bbox 1573 5492 1660 5548; x_wconf 77' lang='lat'><strong>4159.</strong></span> <span class='ocrx_word' id='word_1_546' title='bbox 1741 5496 1768 5560; x_wconf 80' lang='lat' dir='ltr'>c)</span> <span class='ocrx_word' id='word_1_547' title='bbox 1791 5494 1823 5545; x_wconf 84' lang='lat' dir='ltr'>lu</span> <span class='ocrx_word' id='word_1_548' title='bbox 1836 5493 1928 5545; x_wconf 67' lang='lat' dir='ltr'>codr&#39;ce</span> 
     </span>
     <span class='ocr_line' id='line_1_51' title="bbox 275 5571 1928 5646; baseline -0.004 -13"><span class='ocrx_word' id='word_1_549' title='bbox 275 5584 304 5624; x_wconf 76' lang='lat'>⁶⁰</span> <span class='ocrx_word' id='word_1_550' title='bbox 318 5579 493 5633; x_wconf 77' lang='lat' dir='ltr'>Sellettatod.</span> <span class='ocrx_word' id='word_1_551' title='bbox 506 5578 572 5631; x_wconf 81' lang='lat' dir='ltr'>laec</span> <span class='ocrx_word' id='word_1_552' title='bbox 584 5578 624 5630; x_wconf 83' lang='lat' dir='ltr'>ita</span> <span class='ocrx_word' id='word_1_553' title='bbox 635 5583 790 5629; x_wconf 69' lang='lat' dir='ltr'>necteretur:</span> <span class='ocrx_word' id='word_1_554' title='bbox 804 5575 878 5646; x_wconf 92' lang='lat' dir='ltr'>quod</span> <span class='ocrx_word' id='word_1_555' title='bbox 890 5573 929 5628; x_wconf 91' lang='lat' dir='ltr'>ibi</span> <span class='ocrx_word' id='word_1_556' title='bbox 940 5591 970 5628; x_wconf 82' lang='lat' dir='ltr'>se</span> <span class='ocrx_word' id='word_1_557' title='bbox 984 5573 1116 5628; x_wconf 81' lang='lat' dir='ltr'>defendat</span> <span class='ocrx_word' id='word_1_558' title='bbox 1127 5582 1155 5627; x_wconf 83' lang='lat' dir='ltr'>ct</span> <span class='ocrx_word' id='word_1_559' title='bbox 1167 5582 1233 5629; x_wconf 90' lang='lat' dir='ltr'>tunc</span> <span class='ocrx_word' id='word_1_560' title='bbox 1245 5573 1316 5628; x_wconf 81' lang='lat' dir='ltr'>alter</span> <span class='ocrx_word' id='word_1_561' title='bbox 1325 5592 1387 5629; x_wconf 80' lang='lat' dir='ltr'>curn</span> <span class='ocrx_word' id='word_1_562' title='bbox 1403 5574 1544 5643; x_wconf 82' lang='lat' dir='ltr'>occiderit,</span> <span class='ocrx_word' id='word_1_563' title='bbox 1563 5571 1620 5628; x_wconf 86' lang='lat' dir='ltr'>DC.</span> <span class='ocrx_word' id='word_1_564' title='bbox 1630 5574 1680 5629; x_wconf 80' lang='lat' dir='ltr'>sol.</span> <span class='ocrx_word' id='word_1_565' title='bbox 1692 5574 1782 5628; x_wconf 87' lang='lat' dir='ltr'>tradat</span> <span class='ocrx_word' id='word_1_566' title='bbox 1794 5573 1928 5628; x_wconf 79' lang='lat' dir='ltr'>ccclesiae</span> 
     </span>
     <span class='ocr_line' id='line_1_52' title="bbox 318 5658 693 5730; baseline -0.008 -16"><span class='ocrx_word' id='word_1_567' title='bbox 318 5676 402 5730; x_wconf 84' lang='lat' dir='ltr'>quam</span> <span class='ocrx_word' id='word_1_568' title='bbox 415 5658 561 5730; x_wconf 88' lang='lat' dir='ltr'>polluerat,</span> <span class='ocrx_word' id='word_1_569' title='bbox 573 5658 693 5729; x_wconf 84' lang='lat' dir='ltr'>insuper.</span> 
     </span>
    </p>
   </div>
   <div class='ocr_carea' id='block_1_4' title="bbox 376 5753 1723 5810">
    <p class='ocr_par' dir='ltr' id='par_1_20' title="bbox 376 5753 1723 5810">
     <span class='ocr_line' id='line_1_53' title="bbox 376 5753 1723 5810; baseline -0.004 0"><span class='ocrx_word' id='word_1_570' title='bbox 376 5770 418 5810; x_wconf 75' lang='lat' dir='ltr'>na</span> <span class='ocrx_word' id='word_1_571' title='bbox 436 5770 621 5810; x_wconf 70' lang='lat' dir='ltr'>narraveram</span> <span class='ocrx_word' id='word_1_572' title='bbox 639 5770 657 5809; x_wconf 81' lang='lat' dir='ltr'>a</span> <span class='ocrx_word' id='word_1_573' title='bbox 1688 5753 1723 5805; x_wconf 80' lang='lat'>56</span> 
     </span>
    </p>
   </div>
   <div class='ocr_carea' id='block_1_5' title="bbox 0 0 2215 6244">
    <p class='ocr_par' dir='ltr' id='par_1_21' title="bbox 0 0 2215 6244">
     <span class='ocr_line' id='line_1_54' title="bbox 0 0 2215 6244; baseline 0 0"><span class='ocrx_word' id='word_1_574' title='bbox 0 0 2215 6244; x_wconf 95' lang='lat' dir='ltr'> </span> 
     </span>
    </p>
   </div>
  </div>
 </body>
</html>
