4418 6226
818 360 962 416 KAROLI
984 362 1019 415 M.
1041 360 1309 418 CAPITt'thuh
1803 360 1860 425 ς227

259 549 385 606 aeterna
405 543 612 607 retributione
633 548 664 606 et
683 544 715 605 in
735 542 917 625 exemplum
937 543 1043 625 populi
1064 543 1239 615 christiani,
1271 543 1355 607 unde
1376 545 1443 627 ipse
1464 542 1622 608 Dominus
1643 546 1676 607 irr
1697 546 1862 629 euangelio

258 645 317 706 ait:
340 643 425 708 ι3103
447 645 549 708 luceat
566 645 624 708 lux
645 651 749 709 vestra
770 665 875 707 coram
888 644 1084 713 hominibus.
1108 652 1143 709 ut
1157 646 1283 709 videant
1296 652 1400 711 restra
1422 645 1505 709 bona
1526 665 1619 729 opera
1640 655 1671 710 et
1688 647 1863 730 glorificent

259 751 378 828 patrem
401 756 540 810 vestrum
561 749 616 829 qui
639 749 672 809 in
694 747 789 810 caelis
807 746 877 810 est’.
919 745 960 810 Et
980 748 1039 808 hoc
1059 748 1179 811 invitus
1201 755 1443 830 nequocoactus
1458 767 1552 811 nemo
1566 748 1673 828 faciat,
1694 748 1748 812 sed
1769 769 1863 832 spon·

260 856 352 911 taneo
374 849 485 912 iuditio
507 851 730 932 unusquisque
756 851 846 912 iuxta
873 850 956 912 vires
986 869 1060 912 suas
1084 850 1233 932 inpertire
1259 849 1398 930 studeat,
1424 851 1499 933 quia
1525 870 1590 912 non
1617 852 1756 934 requiret
1775 849 1863 914 Deus

227 957 431 1032 aquantum,
460 951 514 1014 sed
542 962 659 1033 quanta
687 951 848 1014 voluntate
873 950 1060 1034 proferatur,
1093 952 1168 1034 quia
1192 951 1338 1015 voluntas
1364 951 1446 1015 bona
1472 972 1528 1035 pro
1554 971 1647 1035 opere
1672 952 1745 1015 facti
1771 971 1863 1036 repu-

259 1052 383 1115 tabitur.

358 1157 385 1219 b.
427 1154 506 1218 Item
526 1154 644 1238 placuit
665 1162 771 1219 sancto
794 1149 939 1235 concili0,
964 1162 1076 1239 quarta
1096 1161 1127 1218 et
1148 1161 1238 1219 sexta
1258 1155 1334 1219 feria
1355 1176 1374 1218 a
1394 1174 1488 1218 carne
1510 1161 1540 1218 et
1560 1157 1759 1218 rinocuncto
1781 1155 1862 1219 clero

260 1255 499 1336 abstinendum,
527 1262 557 1320 et
578 1257 616 1319 ad
637 1277 754 1319 nouam
777 1257 924 1319 letaniam
947 1257 1120 1320 faelendam
1142 1277 1216 1321 cum
1237 1259 1406 1320 missarum
1428 1258 1600 1321 sollemniis
1621 1277 1677 1340 pro
1698 1257 1863 1321 incolomi-

259 1364 322 1420 tate
342 1365 373 1420 et
391 1359 594 1441 prosperitate
616 1359 664 1421 rel
686 1357 833 1421 firmitate
855 1360 951 1421 totius
974 1365 1098 1422 sanctae
1119 1357 1177 1423 Dei
1207 1359 1336 1422 eclesiae
1364 1359 1413 1422 vel
1435 1379 1490 1442 pro
1512 1366 1639 1423 aeterna
1661 1359 1761 1422 salute
1783 1360 1864 1423 chri-

215 1484 240 1521 ro
260 1461 353 1522 stiani
376 1460 482 1543 populi
504 1467 535 1523 et
555 1462 734 1522 animarum
756 1480 887 1523 suarum
909 1463 974 1523 vita
994 1461 1207 1544 perpetuaret
1229 1481 1285 1544 pro
1307 1463 1371 1524 vita
1392 1468 1423 1525 et
1443 1462 1544 1525 salute
1565 1470 1595 1524 et
1617 1461 1785 1525 stabilitate
1805 1464 1863 1525 im-

259 1564 337 1645 perii
359 1563 467 1625 domni
488 1563 571 1642 regis
598 1562 646 1625 vel
673 1561 811 1625 filiorum
833 1564 916 1637 eius,
944 1565 1083 1646 exceptis
1109 1570 1214 1626 tarnerr
1242 1563 1354 1627 diebus
1381 1584 1399 1625 a
1422 1564 1584 1626 nativitate
1604 1560 1733 1624 Domini
1762 1583 1864 1647 usque

259 1666 293 1726 irr
315 1670 440 1727 octavas
456 1665 668 1748 epyphaniae,
689 1670 720 1727 et
741 1685 758 1726 a
779 1666 895 1747 pascha
915 1685 1019 1747 usque
1040 1665 1078 1728 ad
1101 1672 1239 1728 sanctam
1261 1672 1476 1748 pentecosten,
1498 1672 1529 1728 et
1549 1666 1726 1748 praecipuis
1746 1665 1864 1728 festivi-

261 1767 378 1830 tatibus
399 1766 430 1829 id
452 1772 500 1829 est
520 1773 646 1830 sanctae
667 1766 799 1845 Mariae,
828 1768 927 1829 sancti
949 1766 1100 1829 Iohannis
1122 1767 1289 1850 baptistae,
1315 1767 1479 1830 duodecim
1508 1765 1737 1849 apostolorum,
1765 1769 1864 1830 sancti

260 1868 437 1951 archangeli
460 1868 643 1931 Michahelis
669 1875 699 1931 et
725 1870 825 1931 sancti
847 1868 990 1948 Martini,
1021 1870 1071 1932 vel
1099 1870 1279 1932 veneranda
1305 1870 1472 1933 festivitate
1498 1869 1583 1932 ithus
1609 1869 1785 1951 parrochie3
1813 1869 1863 1932 rel

216 1973 354 2034 raetiam
376 1972 513 2033 cantatis
538 1969 677 2033 officium
699 1970 884 2053 inplendum
914 1972 948 2032 irr
974 1970 1113 2033 adventu
1135 1971 1267 2034 fratrum
1295 1973 1600 2054 supervenientium,
1625 1977 1657 2033 et
1684 1970 1732 2033 his
1754 1972 1808 2053 qui
1830 1973 1863 2034 In

260 2072 348 2136 hoste
368 2073 419 2135 vel
437 2074 470 2134 irr
492 2074 603 2136 itinere
625 2080 701 2136 sunt
722 2074 885 2135 constituti
915 2073 964 2135 rel
986 2073 1024 2135 ad
1046 2073 1198 2155 palatium
1220 2073 1327 2135 domni
1355 2074 1439 2155 regIs
1459 2074 1592 2136 veniunt
1616 2071 1663 2135 vel
1684 2072 1865 2137 infirmitate

259 2178 353 2239 etiarn
376 2176 493 2238 detenti
515 2175 744 2258 indulgentiam
766 2175 978 2237 concedimus.
1027 2173 1119 2237 Cibus
1141 2194 1214 2238 vero
1236 2174 1522 2257 quadragesimales
1543 2173 1594 2236 vel
1614 2179 1707 2256 potus
1728 2175 1761 2236 irr
1783 2173 1865 2236 arbi-

259 2280 318 2341 trio
340 2279 596 2359 uniuscuiusque
618 2296 687 2340 esse
709 2277 851 2340 utendos.
893 2276 961 2339 Hoc
988 2285 1093 2340 tamen
1117 2278 1256 2339 maxime
1277 2276 1472 2351 cavendum,
1499 2281 1624 2338 utnon
1649 2294 1753 2357 usque
1774 2278 1865 2339 satie·

260 2387 355 2444 tatem
377 2379 484 2442 cibum
507 2387 538 2442 et
559 2386 669 2461 potum
691 2399 872 2457 sumamus,
901 2379 954 2442 sed
976 2381 1112 2462 partius,
1135 2380 1285 2461 quivero
1308 2378 1379 2461 plus
1408 2376 1611 2458 abstinuerit,
1636 2378 1709 2460 plus
1730 2396 1763 2441 se
1784 2397 1865 2441 mer-

214 2482 366 2546 arcadem
393 2482 507 2545 habere
535 2483 620 2544 sciat.
670 2479 702 2543 Si
731 2482 803 2563 quis
832 2500 905 2544 vero
937 2482 969 2543 irr
999 2480 1190 2544 eclesiastico
1222 2480 1332 2542 ordine
1361 2479 1412 2542 vel
1442 2478 1607 2542 clericatus
1639 2479 1779 2542 officium
1807 2482 1865 2544 hoc

260 2591 370 2666 sponte
393 2583 554 2666 adinplere
575 2583 745 2662 studuerit,
767 2583 909 2646 hortatur
929 2589 965 2646 ut
985 2601 1109 2665 semper
1129 2583 1160 2644 in
1183 2582 1297 2645 melius
1318 2580 1467 2665 proficiat.
1510 2580 1542 2645 Si
1565 2583 1637 2663 quis
1658 2601 1733 2644 vero
1754 2601 1794 2645 ex
1816 2584 1864 2646 his

260 2685 431 2769 neglegens
452 2692 483 2748 et
504 2684 680 2747 desidiosus
700 2685 809 2764 tuerit,
835 2685 1021 2767 corripiatur
1040 2690 1071 2747 et
1091 2685 1211 2747 invitus
1238 2703 1293 2767 per
1312 2683 1559 2747 admonitionem
1587 2689 1726 2746 nostram
1748 2690 1778 2747 et
1799 2703 1866 2746 cor·

260 2789 436 2870 reptionem
458 2788 551 2849 etiam
574 2794 701 2849 coactus
721 2788 780 2850 hoc
800 2787 900 2849 faciat.

361 2888 402 2950 Et
420 2889 478 2951 hoc
498 2889 719 2967 admonemus,
739 2895 776 2952 ut
795 2888 991 2972 praedicetur
1011 2890 1044 2950 irr
1059 2888 1200 2971 populis,
1222 2894 1258 2951 ut
1271 2906 1326 2971 per
1340 2888 1568 2951 exortationem
1584 2893 1614 2950 et
1628 2889 1865 2970 persuasionem

215 3008 242 3049 aa
262 2991 311 3053 vel
334 3009 390 3073 per
410 2990 583 3072 quamlibet
604 2992 798 3054 occasionem
823 2991 881 3053 hoc
902 2991 1026 3074 populis
1046 2990 1237 3073 persuadere
1256 2991 1430 3072 possimus,
1463 3008 1536 3051 eurrr
1559 2990 1645 3052 omni
1666 2989 1770 3052 studio
1791 2989 1865 3053 tide·

262 3092 332 3156 liter
352 3099 383 3155 et
404 3092 514 3156 devote
534 3093 696 3156 faciamus.

363 3195 561 3258 Similiter
589 3195 844 3258 decrevimus
878 3194 1041 3277 reliqua
1074 3193 1253 3276 capitula
1284 3193 1574 3256 conventionis
1607 3198 1769 3256 nostrae
1801 3212 1867 3275 per

262 3296 421 3380 singula
443 3317 622 3380 quaeque
642 3296 819 3362 breviter
839 3297 1076 3380 praenotari.

363 3400 390 3463 6.
433 3398 477 3462 Ut
497 3398 546 3462 bis
568 3400 602 3461 iu
624 3419 708 3462 anno
729 3398 860 3461 concilia
885 3398 1097 3477 celebrentur,
1123 3399 1205 3460 sicut
1229 3398 1263 3459 in
1291 3397 1423 3460 conellio
1446 3395 1663 3460 Calcidonensi
1688 3397 1868 3459 continetur

215 3521 242 3560 ao
263 3502 356 3585 kapit.
376 3500 512 3563 XVIIII.

362 3605 388 3667 i.
429 3601 477 3666 De
499 3623 562 3665 norr
583 3602 768 3666 ordinandis
790 3602 970 3686 presbiteris
991 3608 1021 3665 et
1041 3601 1226 3665 diaconibus
1247 3602 1309 3663 nisi
1329 3601 1363 3662 irr
1385 3600 1533 3684 legitimis
1555 3599 1764 3683 temporibus,
1786 3600 1868 3662 sicut

261 3708 294 3769 irr
322 3706 454 3770 decretis
476 3705 591 3769 Zosimi
619 3725 717 3789 papae
748 3706 928 3768 continetur
954 3704 1096 3787 kapitulo
1117 3703 1173 3766 III.
1201 3722 1324 3766 necnon
1351 3703 1440 3765 etin
1467 3702 1599 3766 decretis
1626 3701 1742 3764 Gelasii
1770 3719 1867 3784 papae

262 3810 352 3892 capit.
376 3806 434 3871 XI.

361 3912 389 3976 8.
432 3909 475 3973 Ut
499 3928 608 3993 pacem
629 3908 778 3972 onrnibus
800 3909 961 3991 inperetur
980 3907 1130 3970 custodiri
1148 3908 1181 3969 iu
1196 3905 1322 3981 eclesia,
1344 3907 1471 3969 sicutin
1487 3905 1624 3989 capitulo
1644 3903 1667 3966 I.
1689 3905 1869 3967 continetur

215 4038 242 4078 aa
265 4012 392 4095 regulae
412 4011 590 4075 Innocentii
612 4029 716 4094 papae.

361 4116 389 4178 9.
433 4112 476 4176 Ut
503 4112 612 4176 nullus
638 4111 863 4175 communibus
890 4112 1087 4176 vestimentis
1115 4111 1226 4193 spretis
1252 4129 1335 4172 nora
1369 4118 1400 4173 et
1426 4109 1550 4172 insolita
1576 4113 1731 4186 assumat,
1762 4106 1792 4168 id
1820 4111 1868 4168 est

264 4215 349 4298 quod
377 4215 473 4298 vulgo
501 4216 684 4277 nominatur
711 4219 816 4276 cotzos
843 4213 892 4276 rel
919 4212 1110 4292 trernbilosl,
1144 4214 1226 4276 sicut
1252 4213 1286 4275 in
1314 4212 1505 4295 praelatione
1526 4209 1737 4293 Gangrensise
1764 4207 1867 4271 sinodi

264 4315 449 4400 prohibetur
469 4323 499 4379 et
519 4317 550 4378 irr
574 4316 705 4379 decretis
725 4315 840 4378 Gelasii
862 4315 1025 4379 habetur5.

365 4423 408 4484 10.
452 4418 496 4481 Ut
516 4418 626 4481 nullus
649 4416 802 4502 presbiter
822 4425 877 4480 aut
897 4417 978 4480 alius
999 4417 1142 4480 exciere
1163 4436 1295 4479 usuram
1316 4417 1434 4498 exigat,
1461 4416 1543 4479 sicut
1560 4416 1593 4477 irr
1615 4413 1746 4477 decretis
1770 4429 1867 4494 papae

213 4547 241 4584 ro
266 4519 381 4585 Ieorris
404 4539 470 4603 cap.
493 4519 548 4583 III.
571 4520 715 4583 similiter
734 4526 765 4582 et
786 4521 825 4588 iu
840 4520 971 4583 decretis
992 4518 1109 4582 Gelasii
1129 4538 1228 4601 papae
1249 4538 1314 4601 cap.
1338 4517 1409 4580 XV.

365 4627 409 4686 11.
452 4623 495 4686 Ut
517 4622 625 4686 nullus
647 4623 812 4706 episcopus
833 4621 885 4684 vel
905 4620 1002 4684 abbas
1017 4622 1158 4684 atrahere
1179 4620 1293 4684 audeat
1313 4619 1550 4684 resnobiliunrd
1570 4638 1665 4681 causa
1686 4617 1867 4682 ambitionis

262 4727 345 4788 sicut
363 4726 396 4787 in
418 4743 538 4787 canone
560 4722 775 4807 cartaginensi
795 4725 975 4786 continetur
995 4742 1060 4806 cap.
1082 4721 1120 4783 V.

363 4828 409 4891 12.
452 4826 494 4890 Ut
516 4827 543 4889 si
568 4826 641 4909 quis
661 4825 858 4888 sacerdotum
881 4830 990 4887 contra
1012 4831 1128 4887 statuta
1146 4824 1311 4887 decretalia
1324 4823 1571 4907 praesumptiose
1592 4824 1656 4905 agit
1676 4829 1707 4885 et
1727 4824 1867 4886 converti

264 4928 390 5008 uolens,
418 4927 457 4991 ab
479 4927 581 4991 officio
603 4947 661 4991 sue
683 4932 848 4990 moveatur
868 4932 1058 5008 noteturque
1080 4926 1247 5005 omnibus,
1274 4932 1309 4989 ut
1331 4924 1441 4988 nullus
1462 4943 1537 4987 eurrr
1557 4925 1590 4985 in
1613 4925 1769 4987 consortio
1790 4925 1868 4988 reci-

214 5200 243 5238 45
363 5179 389 5249 0)
412 5180 561 5252 gangensis
574 5198 597 5233 c.
678 5179 707 5248 d>
731 5179 876 5234 mobilium
890 5196 914 5231 c.

363 5425 393 5488 3)
414 5425 516 5478 Most.
532 5424 558 5493 5,
573 5425 616 5478 16.
718 5423 748 5492 4)
773 5423 846 5477 Coro
868 5432 892 5476 ct
912 5423 1017 5476 trembil
1034 5423 1183 5493 palliorum
1199 5439 1305 5492 garrera.
1408 5422 1437 5491 b)
1458 5422 1538 5476 Nihil
1556 5423 1695 5476 haedere
1712 5423 1739 5476 iu
1755 5424 1869 5476 mata

265 5521 380 5576 Gelasii.

1614 5616 1667 5670 29·
