4418 6226
734 385 881 442 KAROLI
901 384 1027 442 MAGNI
1048 385 1317 442 CAPITULARIA.
1772 379 1831 444 175

323 569 371 633 24.
414 567 652 651 Quicumque*
673 566 862 631 beneficium
884 567 1132 632 ecclesiasticum
1153 566 1260 646 habet,
1286 566 1325 629 ad
1351 573 1432 629 tecta
1452 566 1600 630 ecclesiae
1623 565 1830 629 restauranda

220 670 272 734 rel
293 671 377 753 ipsas
397 669 546 733 ecclesias
566 670 697 733 omnino
719 669 854 732 adiuvet

320 773 369 837 25.
410 770 455 835 Ut
463 771 493 815 2⁵
514 773 570 855 qui
597 770 725 855 publico
749 772 881 836 crimine
909 774 1046 836 convicti
1073 779 1148 835 sunt
1172 773 1233 851 rei,
1260 769 1384 854 publice
1408 768 1588 832 iudicentur
1611 775 1642 832 et
1667 767 1826 852 publicam

220 875 446 959 poenitentiam
466 879 560 958 agant
580 873 756 937 secundum
778 892 924 937 canones.

190 992 202 1032 ⁵
315 977 362 1042 26.
402 974 483 1040 Ut²⁶
502 974 666 1059 presbiteri
686 974 785 1039 benep
806 976 915 1039 vivere
936 975 1083 1040 studeant
1103 981 1134 1039 et
1154 977 1197 1038 ita
1217 974 1372 1058 populum
1394 973 1534 1036 doceant
1575 972 1578 977 ⁴

322 1204 351 1277 p)
373 1213 402 1261 et
414 1205 486 1260 iuste
500 1204 599 1259 001013.

321 1430 371 1491 241
395 1428 897 1500 Conca.M09.42acsim.Arez.25.
981 1428 1030 1499 25)
1055 1429 1157 1483 000011.
1170 1430 1245 1483 Arei.
1256 1429 1300 1483 26.
1383 1427 1432 1497 26)
1454 1429 1575 1482 thiale.

823 1750 1224 1761 ———

374 2140 443 2244 to.
476 2136 864 2246 CAPITULA
902 2136 1242 2248 ORIGINIS
1277 2138 1361 2247 ΙΝ
1366 2137 1676 2248 CERTAE.

899 2312 966 2390 813
992 2317 1043 2388 vel
1066 2323 1151 2408 post.

177 2510 203 2549 ¹⁰
323 2488 436 2570 Edico
462 2519 538 2570 eant
567 2531 588 2568 a
616 2505 782 2570 Sumenda
809 2505 941 2586 (Oonct’l.
973 2506 1058 2570 Gall.
1073 2508 1120 2570 II.
1144 2532 1179 2592 p.
1191 2507 1265 2588 323)
1291 2532 1307 2571 e
1333 2507 1438 2570 codiee
1466 2506 1599 2591 quodtnn
1624 2506 1834 2570 (landavensi

221 2614 312 2679 bodie
340 2615 508 2699 recognito,
540 2614 573 2676 in
600 2636 660 2698 qao
687 2614 829 2676 00ιό0000
856 2626 946 2677 eram
977 2613 1153 2697 ccpzbalnn'
1182 2638 1199 2677 0
1224 2615 1397 2677 eanoae'bas
1424 2625 1566 2697 necapm
1587 2615 1732 2698 momine
1758 2625 1831 2677 nate

221 2716 313 2781 eda'to.
355 2717 465 2800 Ipsius
485 2714 675 2799 eapa'ttdarab
696 2715 773 2778 haec
798 2739 879 2799 qaae
903 2728 1076 2800 sequantur
1096 2715 1240 2800 capetulo
1261 2715 1351 2779 100001
1370 2715 1462 2779 dabie
1477 2727 1589 2800 partae
1607 2738 1670 2778 aon
1686 2714 1830 2798 fumat,

222 2843 293 2881 0000
318 2819 427 2901 eapa'ta
440 2818 503 2880 :al
530 2815 577 2878 ad
602 2818 728 2880 nabunt
752 2817 820 2900 fere
848 2819 1044 2881 coawmaabnt
1074 2842 1146 2881 eam
1169 2820 1344 2903 superactis
1369 2816 1559 2903 capitularia
1585 2817 1744 2901 capab'bus
1755 2818 1784 2881 4.
1799 2819 1829 2882 5.

225 2919 376 3004 Oopz'trda
395 2930 471 3003 post
497 2917 630 2981 concilia
650 2943 732 2982 anno
748 2921 808 2984 813
829 2919 984 2983 celebrata
1009 2921 1079 2983 sabe
1104 2919 1198 2983 dnbio
1227 2919 1303 2982 dota
1329 2932 1418 3000 enat,
1445 2943 1516 2982 oum
1537 2942 1576 2981 00
1596 2920 1738 3002 epact-rom
1758 2940 1828 2981 ema-

178 3041 204 3080 10
222 3020 366 3085 calabram
386 3021 558 3083 caaoraibus
578 3022 685 3105 capito
705 3020 892 3087 10003014
914 3020 1030 3085 lonasto
1049 3022 1130 3098 seat,
1155 3022 1323 3084 ma'csoram
1351 3019 1502 3106 cape'adrle
1522 3019 1764 3085 adnumeranda
1784 3021 1829 3083 υί-

222 3121 344 3186 aenea.
1318 3123 1416 3203 (ai,
1436 3124 1510 3200 aa
1538 3122 1617 3203 er,
1640 3125 1723 3200 reo.)

322 3281 394 3390 Ut
418 3326 477 3388 hoo
502 3326 693 3409 inquiratur,
728 3328 754 3390 si
782 3327 820 3391 dc
846 3327 988 3411 partibus
1015 3329 1164 3393 Austriae
1199 3347 1311 3392 verum
1342 3333 1389 3392 est
1424 3328 1508 3411 quod
1539 3328 1649 3391 dicunt
1684 3346 1725 3389 an
1752 3346 1829 3406 non,

223 3428 307 3511 quod
328 3428 492 3512 presbiteri
513 3429 552 3492 de
572 3428 823 3493 confessionibus
846 3438 971 3514 accepto
992 3431 1090 3515 pretia
1111 3431 1313 3494 manifestent
1333 3431 1479 3494 latrones.

323 3532 350 3594 2.
391 3530 435 3594 Ut
456 3531 636 3613 inquiratur
656 3530 821 3614 diligenter
841 3531 879 3595 de
899 3531 1027 3595 faidosis
1048 3531 1246 3613 hominibuS,
1277 3534 1332 3615 qui
1354 3533 1456 3596 solent
1475 3534 1668 3614 incongruas
1688 3550 1829 3593 commo-

177 3651 204 3689 20
222 3634 324 3697 tiones
345 3633 447 3696 facere
467 3639 531 3696 tam
552 3633 586 3695 in
608 3632 774 3695 dominicis
796 3632 907 3697 diebus
923 3653 1084 3716 quamque
1105 3640 1136 3698 et
1155 3634 1225 3697 aliis
1243 3633 1494 3697 solemnitatibus
1516 3635 1608 3697 sicuti
1630 3639 1661 3696 et
1681 3634 1714 3695 iu
1734 3632 1829 3696 feria-

221 3736 292 3798 ticis
314 3734 441 3798 diebus:
463 3735 522 3798 hoc
543 3735 672 3797 omnino
694 3734 925 3817 prohibendtun
946 3740 1008 3812 est,
1030 3735 1188 3799 nefacere
1206 3742 1417 3818 praesumant.

320 3839 348 3902 3.
389 3836 647 3900 Providenduml
671 3836 861 3900 omnimodis
883 3856 919 3899 ae
939 3836 1103 3920 diiigenter
1124 3836 1372 3921 exquirendum,
1400 3837 1534 3919 qualiter
1553 3837 1696 3900 canonici
1717 3837 1828 3898 vivant

221 3958 344 4002 necnon
368 3946 398 4002 et
418 3938 582 4018 monaehi,
610 3944 646 4001 ut
671 3940 897 4022 unnsquisque
918 3958 1027 4002 eorum
1051 3939 1228 4002 secundum
1249 3939 1389 4002 ordinem
1414 3940 1565 4002 canonice
1585 3957 1622 4001 ac
1641 3937 1828 4021 regulariter

220 4042 344 4120 vivant,
371 4046 420 4104 et·
440 4060 504 4103 non
526 4039 702 4119 similiter⁸3
724 4039 778 4102 id‘2
799 4047 861 4121 cst,
888 4046 924 4104 ut
946 4041 1107 4105 refectoria
1133 4047 1163 4104 et
1190 4041 1371 4103 dormitoria
1398 4060 1464 4103 una
1489 4040 1584 4103 simul
1609 4038 1828 4118 observentur,

176 4161 202 4200 25
221 4140 488 4225 qrremadmodum
511 4141 698 4205 iamdudum
718 4142 751 4204 in
772 4142 921 4224 capitulis
941 4143 1057 4206 nostris
1079 4144 1258 4206 iniunctum
1280 4141 1443 4205 habemus.

321 4244 347 4306 4.
389 4241 458 4306 De3
478 4244 677 4306 monasteriis
699 4243 893 4325 puellarum,
914 4250 950 4308 ut
971 4244 1162 4327 presbyteris
1177 4251 1261 4308 certo
1276 4250 1416 4327 tempore
1431 4243 1470 4306 ad
1482 4244 1650 4306 missarum
1673 4243 1827 4306 solemnia
1907 4266 1909 4270 ·

221 4344 405 4408 celebranda
432 4344 523 4408 liceat
550 4345 590 4407 ad
623 4365 676 4409 eas
700 4347 735 4408 in
762 4346 893 4409 ecclesia
919 4349 1105 4427 convenire,
1135 4351 1167 4410 et
1192 4366 1268 4409 mox
1301 4345 1340 4408 ad
1374 4347 1516 4428 proprias
1543 4344 1644 4408 redire
1670 4345 1826 4408 ecclesias.

222 4445 341 4510 Caeteri
362 4465 436 4509 vero
457 4446 562 4510 clerici
583 4447 632 4510 vel
654 4447 725 4509 laici
745 4447 889 4511 similiter
909 4447 1129 4529 observentur,
1155 4454 1192 4510 ut
1218 4466 1421 4530 nequaquam
1448 4449 1481 4510 in
1502 4447 1613 4511 eadem
1634 4447 1827 4511 monasteria

221 4548 343 4632 ingredi
362 4548 514 4629 audeant,
542 4550 602 4612 nisi
629 4551 825 4613 necessitatis
846 4569 942 4613 censa
968 4552 1068 4634 ipsius
1093 4551 1275 4613 monasterii
1305 4549 1506 4632 compulerit3
1536 4550 1593 4612 hoc
1619 4554 1724 4612 tamen
1751 4567 1826 4611 cum

176 4671 203 4711 ao
222 4670 347 4714 summa
367 4650 563 4733 providentia
584 4652 720 4734 episcopi
743 4651 792 4714 vel
818 4650 993 4716 abbatissae
1020 4651 1081 4715 fiat
1129 4650 1279 4714 Similiter
1301 4657 1332 4713 et
1352 4650 1412 4714 hoc
1439 4651 1570 4733 pleniter
1592 4649 1824 4714 observandum

223 4752 277 4832 sit,
300 4760 334 4815 ut
354 4752 489 4816 feminae
509 4772 565 4836 per
585 4753 696 4816 domos
717 4753 904 4818 clericorum
925 4755 1056 4818 minime
1077 4754 1264 4816 discurrant.

322 4979 350 5046 a)
377 4980 461 5034 Verba
474 4990 604 5052 corrupta
615 4982 749 5035 virleatar.

325 5202 353 5273 1)
376 5203 479 5258 duaa.
490 5205 596 5259 Arelat.
605 5204 672 5275 818,
685 5223 708 5258 0.
718 5205 742 5259 6.
785 5204 814 5276 2)
838 5204 897 5275 Cfr.
914 5204 1016 5259 Concil.
1034 5206 1134 5258 Puram
1144 5204 1211 5271 813,
1223 5223 1246 5258 0.
1257 5204 1301 5258 23.
1347 5203 1377 5274 3)
1401 5203 1504 5258 Coaeil.
1518 5204 1642 5276 Mopuat.
1651 5204 1718 5275 813,
1730 5205 1808 5260 026.

824 5477 1224 5488 *—
