4380 6248
266 376 328 440 434
830 377 1004 434 ANSEGlSl
1025 376 1319 438 CAPlTl'LARll'M

268 557 335 620 sive
357 574 522 619 vassorum
543 561 724 617 nostrorum
746 554 914 617 sedetiam
939 557 1038 618 nostri
1058 554 1126 620 fisci
1151 556 1387 635 describantur,
1413 564 1449 620 ut
1471 558 1551 621 scire
1572 557 1747 639 possimus,
1780 575 1885 638 quan·

268 665 337 723 tum
359 658 453 722 etiam
476 657 514 720 de
535 663 643 721 nostro
668 658 700 720 in
723 658 979 740 uniuscuiusque
999 657 1155 742 legatione
1176 657 1359 722 habeamus.

368 762 414 826 33.
455 759 505 822 De
534 756 739 838 maronibus
766 762 894 838 propter
929 758 1084 835 iustitias,
1118 779 1180 840 quo
1215 763 1347 839 ternpore
1376 763 1586 823 coerceantur.
1633 759 1813 837 Volumus,
1848 765 1887 822 ut

266 869 394 947 propter
423 862 558 925 iustitias
590 880 672 944 quae
704 880 807 944 usque
833 861 927 924 modo
957 861 996 925 de
1027 868 1115 946 parte
1146 864 1299 925 comitum
1327 870 1548 926 remanserunt
1578 867 1729 946 qrmttuor
1755 871 1885 925 tanturn

268 965 432 1029 mensibus
455 965 488 1027 in
509 983 593 1026 anno
615 965 704 1027 missi
726 964 825 1027 nostri
848 963 1021 1048 legationes
1048 984 1123 1028 suas
1151 969 1334 1045 exerceant,
1361 962 1395 1026 id
1415 966 1460 1025 est
1479 965 1513 1027 iu
1532 964 1636 1027 hieme
1655 962 1824 1035 Ianuario,
1851 964 1885 1025 in
1913 978 1926 1017 ⁵

268 1087 366 1132 verno
389 1067 506 1151 Aprili,
526 1068 558 1128 in
581 1073 697 1130 aestate
718 1064 816 1140 luli0,
837 1067 870 1129 in
891 1073 1046 1129 autumno
1068 1065 1224 1129 Octobrio.
1267 1065 1500 1137 Caeterislvero
1523 1065 1687 1130 mensibus
1705 1067 1888 1148 unusquis·

269 1190 332 1254 que
353 1171 506 1232 comitum
534 1168 684 1251 placitum
711 1187 805 1230 suum
830 1167 942 1232 babeat
970 1174 1001 1232 et
1025 1169 1163 1232 iustitias
1187 1168 1288 1232 iaciat
1335 1167 1424 1232 Missi
1453 1175 1559 1232 autem
1586 1169 1686 1231 nostri
1707 1175 1824 1251 quater
1851 1169 1886 1229 in

269 1293 334 1336 uno
357 1281 486 1335 mense·
515 1278 545 1334 et
566 1271 599 1332 in
622 1276 772 1352 quattuor
799 1270 876 1333 locis
897 1270 1033 1334 habeant
1053 1271 1167 1355 placita
1188 1291 1245 1336 sua
1266 1291 1339 1334 curn
1366 1271 1429 1334 illis
1454 1269 1639 1350 comitibus,
1666 1267 1785 1352 quibus
1808 1287 1888 1330 crin·

269 1394 389 1452 gruum
409 1374 504 1436 fuerit
524 1380 560 1436 ut
580 1373 618 1435 ad
642 1391 716 1436 eum
736 1373 841 1435 locum
862 1373 985 1456 possint
1003 1374 1181 1437 convenire.

370 1478 417 1541 84.
458 1475 508 1537 Dc
526 1473 663 1536 iussione
690 1472 847 1536 doninica
864 1473 907 1535 'in
930 1471 1063 1554 quoldet
1089 1475 1247 1537 missatico
1271 1494 1336 1538 aon
1360 1471 1538 1553 adimpleta.
1587 1473 1631 1537 Ut
1652 1472 1807 1556 quicquid
1832 1471 1888 1535 ille
1900 1490 1926 1526 ιο

270 1580 390 1642 missus
409 1579 443 1641 in
464 1577 517 1640 illo
539 1578 697 1640 missatico
717 1577 807 1640 aliter
827 1578 945 1640 factum
966 1579 1125 1641 invenerit
1144 1597 1242 1661 quarn
1261 1587 1368 1642 nostra
1389 1579 1430 1641 sit
1450 1578 1568 1655 iussi0,
1589 1595 1653 1639 non
1674 1575 1781 1638 solum
1803 1573 1886 1636 illud

269 1681 437 1745 emendare
458 1680 565 1743 iubeat
586 1679 640 1742 sed
661 1680 756 1742 otiam
777 1679 816 1741 ad
838 1698 896 1741 nos
916 1679 1018 1762 ipsam
1038 1696 1121 1758 rem,
1143 1678 1279 1761 qualiter
1299 1677 1338 1741 ab
1360 1697 1397 1741 eo
1418 1679 1550 1743 inventa
1570 1684 1631 1757 est,
1652 1677 1780 1741 deferat

369 1785 416 1848 88.
458 1779 508 1844 De
529 1801 622 1844 censu
643 1779 743 1860 repuli
764 1779 958 1860 inquirendo.
1001 1779 1045 1844 Ut
1066 1781 1156 1844 missi
1181 1782 1282 1844 nostri
1309 1800 1425 1844 census
1451 1786 1576 1845 nostros
1605 1781 1792 1864 perquirant
1814 1779 1887 1842 dili-

268 1890 393 1968 genter,
420 1885 645 1967 undecumque
672 1884 849 1966 antiquitus
873 1882 911 1945 ad
938 1888 1059 1966 partem
1084 1883 1168 1965 regis
1196 1884 1284 1946 exire
1311 1882 1467 1962 solebant,
1493 1882 1638 1946 similiter
1663 1891 1695 1946 et
1720 1882 1826 1947 beda:
1855 1890 1886 1946 et

270 1987 362 2050 nobis
383 1988 582 2066 renuntient,
602 1991 639 2049 ut
659 2006 717 2049 nos
739 1985 923 2049 ordinemus
945 1984 1021 2067 quid
1043 1984 1082 2047 do
1102 1985 1153 2047 his
1174 1986 1207 2048 in
1228 1984 1373 2048 futurum
1393 1984 1462 2049 fieri
1483 1985 1601 2049 debeat
1898 1998 1925 2036 1⁵

370 2092 418 2154 86.
460 2088 509 2151 De
526 2087 631 2162 rebus,
659 2086 774 2167 qulbus·
798 2105 908 2149 census
934 2085 978 2148 ad
1002 2089 1126 2165 partem
1153 2086 1236 2165 repis
1264 2086 1350 2149 caira
1375 2085 1494 2149 solebat.
1536 2086 1580 2151 Ut
1607 2086 1770 2151 derebus
1798 2087 1886 2151 unde

270 2211 387 2255 census
408 2191 446 2253 ad
463 2197 582 2274 partem
603 2192 686 2273 regis
706 2191 793 2253 exire
815 2188 948 2268 solebat,
970 2189 996 2252 si
1018 2189 1057 2251 ad
1073 2189 1214 2271 aliquam
1226 2189 1391 2252 ecelesiam
1411 2189 1542 2253 traditae
1563 2196 1652 2268 su'nt,
1673 2196 1730 2253 aut
1750 2189 1886 2252 reddan-

270 2301 325 2357 tur
344 2294 478 2377 propriis
498 2293 680 2370 heredibus,
704 2298 759 2355 aut
780 2293 835 2375 qui
857 2310 910 2354 eas
930 2292 1095 2355 retinuerit
1118 2291 1168 2354 rel
1190 2291 1279 2355 illum
1303 2310 1433 2354 censum
1456 2292 1620 2374 persolvat.

370 2396 418 2461 87.
459 2392 510 2457 De
534 2392 661 2473 placitis
691 2414 713 2454 a
737 2393 843 2455 scissis
871 2391 1036 2455 dominicis
1062 2391 1222 2455 comitibus
1246 2396 1353 2455 notram
1377 2391 1543 2472 faciendis.
1585 2392 1629 2457 Ut
1658 2395 1887 2477 unusquisque

271 2499 443 2561 missorum
473 2502 653 2560 nostrorum
681 2497 713 2559 in
743 2496 855 2579 placito
884 2515 942 2558 suo
969 2501 1080 2559 notum
1109 2496 1203 2559 faciat
1239 2495 1408 2560 comitibus
1437 2497 1493 2580 qui
1520 2496 1560 2559 ad
1588 2498 1657 2560 eius
1686 2498 1888 2560 missaticum
1900 2510 1927 2547 ³⁰

273 2601 446 2683 pertinent.
474 2606 511 2662 ut
530 2600 565 2661 in
585 2598 648 2661 illis
669 2598 834 2662 mensibus
856 2597 974 2681 quibus
994 2597 1047 2662 ille
1067 2599 1255 2682 legationem
1277 2619 1368 2662 suam
1390 2618 1456 2662 non
1476 2598 1566 2678 facit,
1589 2600 1780 2662 conveniant
1804 2599 1889 2661 inter

271 2721 305 2765 se
330 2710 362 2766 et
380 2702 564 2765 communia
585 2701 698 2785 placita
717 2701 848 2780 faciant,
869 2707 934 2763 tarn
953 2700 992 2763 ad
1004 2700 1141 2764 latrones
1156 2700 1405 2784 distringendos,
1426 2720 1524 2784 qnam
1545 2700 1585 2763 ad
1605 2706 1726 2764 ceteras
1747 2701 1888 2763 iustitias

269 2803 437 2867 iaciendas.

372 2909 420 2971 88.
460 2904 510 2968 Dc
530 2903 680 2984 fidelitate
702 2905 784 2983 repis
800 2903 1020 2984 pronrittendd.
1064 2904 1106 2968 Ut
1127 2906 1217 2968 missi
1233 2905 1333 2968 nostri
1348 2905 1501 2989 populum
1522 2912 1668 2969 nostrum
1690 2906 1806 2969 iterum
1830 2925 1888 2968 no·

271 3007 322 3071 bis
343 3007 525 3071 fidelitatem
546 3009 726 3090 promittere
746 3008 863 3070 faciant
884 3007 1059 3070 secundum
1072 3007 1335 3070 consuetudinem
1348 3007 1533 3070 iamdudum
1557 3007 1746 3076 ordinatam:
1768 3017 1801 3071 et
1825 3010 1887 3092 ipsi
1901 3031 1929 3070 as

271 3111 413 3193 aperiant
442 3115 473 3172 et
500 3109 744 3191 interpretentur
773 3109 836 3172 illis
864 3109 1067 3189 hominibus,
1096 3109 1231 3191 qualiter
1249 3110 1356 3192 ipsum
1385 3115 1617 3173 sacramentum
1649 3116 1681 3174 et
1700 3108 1887 3174 fidelitatem

269 3231 345 3294 erga
363 3230 422 3274 nos
442 3229 566 3274 servare
587 3210 727 3274 debeant

377 3315 424 3379 89.
466 3310 516 3375 De
533 3311 710 3375 lwnrieidir's
730 3313 823 3392 infra
849 3313 991 3392 patriam
1017 3313 1121 3393 sardis.
1164 3312 1208 3377 Ut
1234 3313 1401 3376 homicidia
1428 3314 1510 3377 inira
1538 3315 1686 3398 patriam,
1713 3316 1797 3378 sicut
1817 3314 1890 3398 lege

275 3413 406 3479 Domini
425 3415 628 3479 interdictum
652 3422 714 3495 est,
742 3435 800 3480 nec
821 3435 917 3479 eausa
938 3416 1069 3479 ultionis
1090 3434 1149 3479 neo
1170 3417 1319 3479 avaritiae
1338 3434 1397 3479 nec
1417 3416 1624 3479 latrocinandi
1646 3415 1739 3493 fiant3
1762 3426 1795 3479 et
1816 3416 1889 3480 ubi·

273 3536 413 3601 eumque
435 3519 564 3581 inventa
583 3517 718 3598 fuerint,
748 3538 766 3581 a
792 3518 952 3581 iudicibus
973 3519 1089 3581 nostris
1112 3518 1290 3581 secundum
1316 3518 1417 3601 legem
1444 3537 1486 3582 ex
1511 3524 1618 3582 nostro
1644 3518 1795 3582 mandato
1816 3520 1930 3583 rin-ao

273 3618 433 3694 dioentur3
456 3625 488 3681 et
505 3638 569 3681 nou
590 3620 752 3684 occidatur
773 3622 880 3696 homo,
902 3621 964 3684 nisi
985 3620 1053 3702 lege
1073 3619 1208 3684 iubente.

371 3723 419 3786 90.
460 3719 509 3782 De
532 3722 690 3783 mensoris
710 3725 738 3784 et
757 3721 953 3801 ponderibus.
994 3722 1038 3786 Ut
1059 3722 1207 3805 aequales
1230 3741 1396 3786 mensuras
1417 3731 1449 3786 et
1469 3728 1570 3786 rectas
1590 3730 1622 3786 et
1641 3722 1782 3806 pondera
1804 3724 1890 3786 iusta

271 3831 303 3886 et
322 3822 468 3905 aequalia
488 3843 598 3887 omnes
619 3824 769 3903 babeant,
796 3827 863 3888 sive
884 3827 916 3887 in
938 3824 1119 3888 ciritatibus
1141 3826 1208 3888 sire
1229 3825 1264 3886 in
1285 3825 1499 3903 monasteriis,
1525 3825 1592 3888 sire
1612 3823 1652 3887 ad
1674 3824 1819 3888 dandum
1837 3824 1891 3886 ia·

270 3923 367 3987 vicem
388 3927 455 3988 sive
474 3925 513 3989 ad
535 3926 771 4009 accipiendum,
793 3929 875 3991 sicut
896 3929 930 3990 in
952 3926 1019 4009 lege
1040 3923 1169 3990 Domini
1189 3935 1391 4011 praeceptum
1409 3926 1587 3990 habemus.b

374 4180 401 4246 a)
422 4198 495 4235 anno
511 4200 534 4234 c.
542 4181 722 4252 Webcermup.
764 4182 793 4249 b)
811 4192 839 4237 et
852 4183 880 4236 in
889 4181 1037 4237 Salomone
1048 4182 1165 4253 ‘pondus
1176 4192 1205 4237 et
1217 4183 1333 4253 pondus,
1344 4199 1500 4237 mensuram
1512 4189 1540 4237 et
1551 4201 1707 4237 mensuram
1721 4183 1782 4238 odit
1793 4184 1891 4239 anima
1903 4201 1930 4241 ³5

274 4261 343 4316 mea'
360 4262 427 4313 aad.
442 4278 473 4314 ex
484 4263 668 4316 adrnom'tr'one
680 4262 894 4332 Aqur'rsgranensd
906 4265 967 4316 cod.
980 4264 1046 4316 Par.
1057 4261 1169 4315 loten.
1182 4271 1207 4316 ct
1217 4280 1271 4315 rec.
1284 4281 1367 4315 aranu
1379 4264 1445 4316 Par.
1454 4262 1558 4318 10758.
1568 4294 1608 4304 -
1619 4264 1654 4316 In
1663 4264 1780 4317 deeris
1787 4266 1891 4318 codid-

271 4341 322 4393 Ima
340 4342 449 4394 diversa
460 4343 509 4394 sub
524 4343 604 4395 buius
616 4344 690 4396 tertii
702 4343 767 4396 liora·
779 4346 837 4411 fine
853 4345 1005 4397 adduntur.
1045 4342 1080 4394 Iu
1098 4344 1160 4395 cod.
1173 4342 1347 4396 &aeroma
1364 4343 1429 4396 laba·
1444 4344 1539 4413 quarti
1553 4361 1578 4397 c.
1586 4342 1669 4396 22-
1678 4342 1724 4397 24.
1740 4342 1891 4413 71-743

272 4422 302 4473 in
314 4423 396 4475 codd.
404 4420 463 4479 Vat,
477 4423 538 4476 Pal.
546 4421 611 4476 582.
623 4424 712 4476 Paria.
721 4423 799 4476 9654
808 4423 937 4477 0218239
949 4432 1031 4495 σαρκὶ
1040 4423 1181 4494 quoddam
1189 4423 1349 4477 Hladoaicr'
1357 4425 1488 4477 reseratius
1497 4441 1515 4476 a
1524 4424 1630 4477 Partar‘o
1640 4424 1740 4494 Lqu.
1750 4424 1891 4495 1m9.350

270 4501 345 4554 0.10
364 4502 475 4567 aarum,
492 4504 538 4554 cai
549 4504 611 4556 cod.
623 4504 689 4556 Pur.
700 4503 778 4556 9654
790 4505 919 4557 mrmaectit
934 4512 1016 4575 cnpmt
1030 4504 1162 4557 aBened.
1176 4503 1375 4569 baiobaros,
1392 4503 1661 4561 affirmatum.
1691 4505 1725 4557 Ia
1738 4507 1890 4559 adderi-

272 4599 325 4651 (με
336 4582 426 4635 liaris.
436 4581 515 4636 4635
529 4602 547 4636 a
556 4584 647 4654 mimo
660 4592 689 4637 ut
699 4585 806 4638 mllelur
817 4585 947 4655 emptore
956 4594 1051 4655 postera
1062 4583 1212 4654 camiletum
1225 4591 1262 4637 eet
1274 4584 1380 4655 capritd
1394 4602 1477 4655 aalma
1486 4584 1742 4655 pug.334e1h'tnm.
1900 4615 1927 4652 to
