4380 6248
268 346 330 412 270
923 351 1148 409 HLUDOWICI
1170 353 1224 408 PII

267 526 413 590 denarios
434 525 554 590 solidus
575 527 717 590 solvatur
736 547 792 611 per
812 533 909 591 totam
930 526 1065 592 Salicem
1087 528 1206 611 legem,
1235 535 1366 613 excepto
1387 529 1512 610 leudes,
1540 532 1568 596 si
1590 530 1676 595 Saxo
1701 536 1760 595 aut
1778 528 1880 595 Frisio

268 627 427 692 Salicumt
455 628 619 709 occiderit,
644 647 700 712 per
719 627 780 692 XL
805 628 945 694 dinarios
970 629 1061 694 solidi
1069 630 1260 695 “solvantur
1305 631 1409 694 Infra‘
1426 630 1547 697 Sulioos
1572 652 1648 697 vero
1674 652 1714 697 ex
1747 640 1881 719 nmque

266 738 355 815 parte
376 731 415 795 de
437 729 587 794 omnibus
608 730 721 795 debitis
745 732 827 796 sicut
841 731 983 795 diximus
996 730 1062 795 XII
1077 732 1192 796 dinarii
1205 752 1262 817 per
1280 733 1418 798 solidum
1429 735 1608 813 solvantur,
1629 737 1697 801 sive
1718 735 1760 799 de
1779 735 1881 800 honri-

265 832 359 895 cidiis
379 833 447 895 sive
466 832 506 895 de
525 831 675 896 omnibus
695 830 800 896 rebus

368 935 396 999 3.
417 932 465 997 De
486 935 650 998 mannire⁸
672 952 763 1014 vero,
784 934 846 998 nisi
869 933 907 998 de
928 935 1125 1019 ingenuitate
1145 941 1201 998 aut
1211 934 1250 999 de
1260 936 1447 1016 hereditate,
1468 957 1533 1001 non
1553 940 1594 1003 sit
1606 957 1688 1023 opus
1707 938 1882 1003 observan-
1904 966 1919 1005 a

265 1036 376 1100 dun12.
418 1034 465 1099 De
486 1037 597 1100 ceteris
617 1054 692 1100 vero
713 1035 974 1119 inquisitionibus
1000 1055 1056 1121 per
1074 1036 1300 1102 districtionem
1327 1040 1452 1104 comitis
1470 1040 1510 1103 ad
1536 1039 1670 1105 mallum
1692 1042 1826 1105 veniant
1850 1048 1882 1105 et

267 1139 350 1202 iuste
370 1139 594 1202 examinentur
613 1138 652 1201 ad
670 1138 808 1202 iustitias
821 1138 1011 1203 faciendum.
1054 1137 1192 1203 Comites
1212 1138 1285 1203 vem
1306 1160 1371 1204 non
1386 1159 1510 1225 semper
1521 1160 1677 1226 pauperes
1694 1162 1754 1227 per
1768 1142 1883 1228 placita

268 1242 463 1324 oppn'mere'¹
485 1240 606 1304 debent.

368 1484 395 1549 c)
418 1485 539 1555 aliquem
550 1483 611 1539 46.
691 1483 952 1555 ORela'quoona.5.
1032 1485 1062 1557 g)
1085 1485 1534 1558 mannitionibuslqrnsnninisI.
1615 1488 1647 1559 h)
1672 1490 1837 1561 premerel.

370 1730 399 1799 2)
420 1732 485 1783 Les.
495 1730 553 1784 Sol.
563 1732 602 1784 et.
615 1732 639 1786 l.

612 2127 707 2232 136.
749 2121 1181 2232 ORDINATIO
1221 2122 1534 2232 IMPERII.

915 2298 991 2374 817.
1020 2299 1240 2372 urensolnlio.

370 2475 511 2578 Lapsae
529 2492 563 2553 a
584 2491 676 2554 ema
698 2489 1021 2555 cancerauma.
1040 2488 1098 2571 fo.
1112 2490 1152 2554 rc
1172 2489 1460 2573 aaapaveao:
1479 2486 1615 2554 ‘Divisio
1628 2493 1755 2576 imperii
1769 2493 1880 2557 somni

268 2600 447 2664 illudowici
468 2600 551 2661 inter
572 2596 702 2661 dilectos
723 2596 806 2660 filios
827 2614 903 2659 suos
923 2596 1006 2658 inter
1027 2594 1231 2659 Hlothan'um
1252 2602 1283 2659 et
1303 2595 1449 2659 videlicet
1470 2602 1502 2660 et
1519 2595 1692 2681 Pippinum
1713 2605 1745 2663 et
1755 2599 1876 2665 Hludo

268 2704 383 2765 wicum
404 2719 488 2764 anno
510 2707 622 2782 quarto
643 2700 768 2783 imperii
789 2697 865 2763 sui’.
1893 2729 1927 2770 aa

372 2801 556 2888 Capr'tadore
575 2801 759 2865 decessorem
779 2825 809 2863 a.
821 2801 882 2866 806
907 2824 929 2861 a
953 2798 1072 2862 Korolo
1087 2799 1217 2883 factam
1228 2798 1383 2884 pluralitas
1401 2802 1532 2880 respicit
1555 2813 1586 2865 et
1604 2801 1765 2867 natam
1786 2806 1881 2869 verbo

269 2908 373 2992 a'paa'tw
393 2907 520 2990 repetr⁰t3
541 2902 685 2967 'divisio’
707 2914 810 2966 autem
832 2903 939 2964 ananus
958 2913 1040 2965 recte
1059 2925 1081 2963 a
1098 2901 1217 2965 cedema
1236 2904 1341 2965 nostri
1356 2902 1654 2989 emptorealtlaqroe
1671 2904 1887 2971 necestuosi

269 3008 450 3072 auctorr'boa
475 3005 671 3091 appellamur,
708 3028 779 3068 cnm
806 3005 875 3088 epse
902 3004 1073 3088 imperaror
1102 3005 1137 3066 e'n
1163 3003 1367 3088 meschone
1400 3002 1503 3068 deoc&
1541 3004 1762 3090 ‘nequaquam
1791 3008 1883 3074 nobis

269 3112 375 3175 visum
395 3110 470 3189 fnit,
490 3116 526 3172 ut
545 3109 652 3172 unitas
674 3108 796 3190 imperii
811 3106 968 3170 divisione
985 3105 1127 3169 humana
1140 3106 1339 3170 scinderetur
1347 3105 1362 3168 '.
1402 3105 1452 3170 De
1471 3105 1720 3172 avocatam
1738 3110 1885 3193 refer-ant

269 3211 433 3275 Eanlcrdi
453 3210 585 3274 comica
611 3209 693 3273 da'cta'
714 3208 760 3272 od
786 3231 905 3271 annom
926 3209 1002 3272 821:
1036 3207 1227 3272 ‘conventus
1253 3227 1363 3272 mense
1390 3206 1475 3271 Maio
1499 3208 1688 3295 Noviomagi
1714 3211 1919 3282 habendus„

269 3314 434 3378 condictus
455 3320 509 3377 est.
551 3310 600 3375 Eo
622 3312 760 3375 domnus
778 3312 949 3394 imperator
969 3311 1131 3393 navigavit
1140 3309 1249 3394 ibique
1260 3311 1464 3375 constitutam
1485 3312 1578 3375 annis
1598 3312 1819 3396 superioribus
1837 3324 1883 3379 at·

270 3435 333 3498 que
353 3417 562 3499 conscriptam
583 3416 666 3477 inter
684 3413 767 3477 filios
793 3432 869 3477 suos
897 3414 987 3496 regni
1011 3414 1210 3496 partitionem
1235 3413 1395 3476 recensuit
1421 3432 1458 3475 ac
1486 3414 1672 3478 iuramentis
1691 3417 1882 3500 optimatum

270 3519 325 3601 qui
347 3526 423 3582 tarne
438 3517 546 3580 adesse
568 3523 736 3599 potuerant
749 3515 962 3578 confirmarit.
977 3564 1002 3576 ..
1045 3513 1150 3578 Medio
1172 3533 1281 3578 mense
1291 3514 1438 3578 Octobrio
1460 3522 1640 3580 conventus
1661 3518 1883 3597 generalised

268 3620 444 3684 Theodonis
455 3618 562 3681 villam
575 3637 691 3701 magna
702 3617 811 3702 populi
821 3616 1016 3680 Francorum
1030 3616 1207 3699 frequentia
1217 3615 1411 3680 celebratur.
1424 3665 1431 3679 .
1442 3625 1474 3681 et
1486 3624 1682 3682 sacramento
1694 3620 1783 3702 quod
1797 3622 1881 3706 apud

268 3722 503 3804 Noviomagum
523 3740 596 3804 pars
619 3721 807 3804 optimatrnn
818 3720 980 3783 iuraverat
998 3718 1186 3802 generaliter
1196 3728 1416 3783 consummato
1429 3721 1497 3803 ipse
1507 3718 1741 3800 (Hludowicus)
1753 3724 1944 3808 Aquas-ae

268 3826 360 3909 grani
381 3823 566 3888 revertitur.
591 3858 625 3868 -
651 3822 813 3887 &amm
835 3819 873 3884 de
893 3820 990 3884 lurae
1001 3819 1224 3904 capriuhzrdaa
1236 3819 1357 3885 &enno
1374 3821 1475 3900 (Ana.
1494 3820 1696 3886 echFrano.
1714 3822 1789 3905 Vll,
1808 3828 1882 3904 410)

269 3927 421 3989 aiarnm'to
436 3949 498 4010 pro
519 3924 724 3989 commentitio
741 3923 850 4009 rejecti
866 3924 986 4007 oriqa'm
1008 3920 1080 3986 velle
1096 3946 1197 4007 separa
1220 3924 1254 3985 a'n
1269 3922 1472 4006 patefactione
1487 3935 1597 3988 nostra
1611 3949 1690 4010 pop.
1703 3926 1775 3993 965.

1384 4024 1440 4104 (B.
1454 4026 1481 4106 1,
1501 4028 1576 4104 5733
1598 4026 1675 4108 P.I‚
1700 4030 1783 4110 rea)

370 4151 420 4260 In
449 4197 577 4259 nomine
606 4194 726 4257 domini
755 4191 813 4255 Dei
848 4198 878 4255 et
914 4192 1079 4255 salvatoris
1110 4187 1243 4272 [nostri·
1270 4191 1344 4255 Iesu
1371 4190 1487 4256 Christi
1512 4192 1737 4273 Hlndorricns,
1772 4198 1880 4263 divina

268 4299 434 4363 ordinante
454 4297 652 4383 providentia
672 4296 842 4379 imperator
863 4295 1038 4376 auguratus]
1453 4356 1458 4364 ,
1891 4336 1944 4378 ,0

370 4396 451 4460 Cum
472 4416 531 4460 nos
550 4398 584 4459 in
598 4394 657 4459 Dei
678 4397 807 4459 nomine
828 4415 911 4458 anno
932 4396 1159 4458 incarnationis
1170 4393 1299 4459 Domini
1320 4398 1582 4480 octingentesimo
1592 4402 1726 4484 septimo
1748 4402 1881 4481 decimo,

269 4500 439 4563 indictione
460 4499 582 4562 decima
603 4517 752 4582 annoque
773 4498 897 4581 imperii
918 4498 1018 4560 nostri
1030 4504 1158 4580 quarto,
1180 4516 1289 4561 mense
1297 4497 1398 4579 Iulio,
1419 4502 1614 4585 Aquisgrani
1634 4503 1752 4586 palatio
1774 4512 1880 4570 nosmo

269 4620 356 4664 more
378 4602 468 4664 solito
490 4620 616 4664 sacrum
637 4607 832 4663 conventum
856 4607 887 4662 et
905 4598 1142 4683 generalitatem
1170 4600 1276 4683 populi
1307 4601 1406 4664 nostri
1433 4609 1559 4686 propter
1580 4604 1810 4671 ecclesiasticas
1831 4607 1880 4672 vel

268 4705 365 4766 totius
387 4704 510 4787 impen'i
533 4704 632 4766 nostri
656 4702 806 4765 utilitates
827 4700 1062 4786 pertractandas
1077 4720 1358 4785 congregassemus
1379 4710 1410 4767 et
1428 4704 1462 4767 in
1484 4705 1534 4770 his
1554 4707 1773 4789 studeremus,
1793 4708 1880 4774 subi·

269 4813 300 4867 to
322 4805 428 4867 divina
450 4805 655 4888 inspiratione
683 4811 788 4867 actum
815 4811 875 4883 est,
902 4810 937 4866 ut
958 4822 1016 4881 nos
1037 4801 1146 4866 fideles
1167 4805 1266 4867 nostri
1286 4811 1520 4884 ammonerent,
1546 4812 1706 4889 quatenus
1731 4816 1910 4873 manentes

270 4916 377 4970 nostra
398 4906 608 4970 incolomitate
629 4914 660 4970 et
682 4906 921 4989 pereundique
942 4925 960 4968 a
981 4903 1049 4968 Deo
1070 4923 1219 4968 concessa
1240 4905 1279 4968 de
1299 4913 1384 4969 statu
1400 4908 1497 4971 totius
1516 4909 1606 4991 regni
1628 4914 1658 4971 et
1679 4908 1719 4971 de
1738 4908 1876 4973 fidorum

270 5018 450 5072 nostrorum
472 5029 567 5072 causa
589 5029 676 5073 more
697 5015 864 5093 parentum
886 5016 1067 5071 nostrorum
1089 5012 1302 5070 tractaremus.
1350 5007 1411 5072 Sed
1437 5010 1585 5093 quamvis
1608 5009 1685 5072 haee
1706 5009 1878 5075 admonitio

270 5111 382 5174 devote
403 5130 439 5173 ac
460 5109 594 5173 fideliter
613 5110 715 5185 lieret,
745 5129 946 5194 nequaquam
973 5107 1066 5172 nobis
1094 5128 1152 5171 nec
1175 5108 1225 5171 his
1253 5110 1309 5191 qui
1328 5128 1443 5174 sanum
1465 5114 1593 5196 sapiunt
1613 5113 1721 5176 visum
1741 5112 1819 5191 fuit,
1845 5120 1878 5176 ut

271 5231 377 5275 amore
398 5212 536 5275 filiorum
559 5220 614 5276 aaut
634 5215 734 5293 gratia
757 5215 863 5276 unitas
884 5212 1007 5295 imperii
1029 5231 1048 5274 a
1068 5209 1135 5274 Deo
1155 5209 1247 5273 nobis
1267 5214 1444 5276 conservati
1461 5212 1616 5277 divisione
1633 5213 1777 5279 humana
1796 5214 1878 5279 scin·

268 5313 409 5392 deretur,
435 5314 574 5378 neforto
595 5315 653 5378 hac
673 5317 837 5379 occasione
858 5313 1044 5378 scandalum
1066 5314 1097 5376 in
1120 5320 1228 5377 sancta
1256 5312 1388 5377 ecclesia
1410 5315 1546 5379 oriretur
1565 5322 1597 5379 et
1617 5314 1773 5381 offensam
1792 5314 1910 5387 illiusu

335 5534 631 5686 alpglaooplleee'rlbornm
639 5537 716 5589 onem
729 5537 893 5590 inclusorum
903 5536 1026 5605 lepnutw
1041 5536 1069 5588 ia
1083 5535 1176 5588 codice
1188 5542 1217 5589 et
1225 5541 1313 5605 caet.,·
1326 5537 1746 5608 iruaapa'onemseomtr'm'm
1753 5542 1877 5617 pu

262 5623 327 5686 post
375 5616 382 5628 '
415 5634 467 5686 cup
533 5616 546 5668 '.
