4380 6248
363 1943 735 2083 ANSEGISI
780 1719 1149 2086 nenniiSL
1172 1947 1794 2092 CAPITULARIUM

838 2139 1312 2282 COLLECTIO.

374 2423 585 2522 (abprtabaria
605 2460 713 2521 renum
736 2439 934 2503 Francorum
955 2459 1028 2516 non,
1051 2444 1088 2502 ut
1107 2440 1197 2520 opud
1218 2441 1442 2521 Lanpobardos
1460 2445 1569 2525 tuerat
1588 2444 1793 2521 minio,
1820 2464 1882 2508 una

271 2574 395 2634 corpore
415 2554 461 2617 od
481 2553 636 2616 uolumine
655 2551 878 2631 colbipebantur
897 2551 951 2613 sert
970 2550 1156 2630 sinpibbatim
1176 2552 1284 2632 potius
1305 2573 1376 2616 urm
1402 2553 1642 2635 ormiepiscopis
1668 2559 1698 2618 et
1721 2555 1879 2637 episeopis,
1902 2578 1915 2620 s

272 2657 376 2719 missis
396 2660 424 2719 et
443 2655 601 2720 comitebus
622 2654 828 2718 tradebantur
848 2657 915 2716 tum
939 2673 961 2715 a
980 2652 1221 2717 cancellariam
1242 2654 1367 2718 arcbioo
1390 2654 1508 2735 palatii
1528 2656 1607 2736 mpii
1627 2657 1880 2722 recondebantur.

271 2759 354 2840 (Cfr.
384 2779 484 2838 supra
504 2760 642 2838 papii,
666 2760 737 2831 c.3;
764 2776 835 2836 pap.
850 2758 916 2835 138,
942 2776 966 2818 c.
980 2759 1014 2834 ὃς
1041 2777 1113 2837 pap.
1127 2760 1195 2832 262,
1217 2778 1242 2820 c.
1258 2759 1293 2835 ῖς
1319 2759 1474 2838 ρα9.307,
1495 2762 1593 2839 ctis)
1639 2758 1880 2841 Ennnpiarinm

269 2861 458 2941 primatibus
477 2859 692 2922 saecularibus
717 2863 744 2922 et
770 2858 982 2922 ecelesiasticis
1006 2859 1195 2922 traditorum
1220 2859 1267 2922 oei
1294 2860 1328 2922 in
1348 2860 1487 2923 archivis
1513 2860 1609 2940 repiis
1629 2867 1825 2927 serratorum
1843 2883 1881 2926 ne

270 2983 373 3026 unum
390 2962 514 3043 quidem
534 2961 578 3024 ad
597 2981 654 3024 nos
672 2961 848 3040 pervenisse
867 2961 1006 3037 videtur,
1028 2965 1065 3024 ut
1084 2961 1223 3024 coniicerm
1246 2965 1371 3025 tantum
1390 2962 1600 3043 scriptoribus,
1622 2963 1681 3044 qni
1700 2962 1882 3046 cobeyebam

271 3084 461 3146 eoquorum
485 3063 637 3127 habebant
657 3063 775 3143 copiam
805 3062 851 3126 oet
875 3084 958 3144 quae
976 3063 1117 3126 alicuius
1136 3064 1282 3126 momenti
1304 3084 1368 3127 esse
1391 3064 1469 3144 ipsis
1489 3065 1558 3128 oisa
1587 3069 1696 3143 erant,
1718 3066 1912 3130 debeamresn

271 3166 465 3248 capitubuia
485 3166 621 3247 quaein
642 3165 774 3228 diversis
801 3165 890 3229 tibris
910 3166 1136 3246 nmnuscriptis
1160 3166 1284 3229 diversa
1311 3166 1480 3231 admodum
1505 3168 1628 3231 ratione
1654 3168 1777 3250 dioestn
1796 3168 1882 3233 bodie

271 3271 432 3351 tenuntur,
461 3272 545 3332 etat
563 3268 653 3331 baud
676 3288 781 3347 patrea
807 3268 933 3332 ommno
958 3268 1119 3348 pem'erint.
1173 3266 1321 3331 Omnium
1346 3273 1452 3332 antem
1475 3269 1533 3350 qni
1562 3268 1596 3331 in
1621 3270 1767 3350 rependis
1793 3270 1882 3334 rebus

269 3373 444 3436 mundanis
464 3375 492 3435 et
510 3371 706 3451 potissimum
724 3370 936 3434 molesiasticis
954 3375 1061 3450 partes
1080 3369 1208 3451 aliquas
1225 3371 1372 3450 perebant
1391 3371 1537 3434 interesse
1557 3370 1697 3449 debebat,
1719 3376 1756 3436 at
1776 3392 1881 3453 renum

270 3474 463 3556 capitubuia
483 3495 548 3537 uno
567 3472 644 3537 libro
664 3471 786 3536 collecta
814 3477 841 3536 et
869 3477 949 3536 certo
968 3473 1079 3536 ord-ine
1098 3473 1250 3552 disposita
1268 3477 1392 3553 praesto
1411 3477 1524 3550 essent,
1551 3477 1580 3537 et
1604 3472 1653 3537 ita
1672 3473 1824 3539 ordinata
1843 3474 1881 3538 ab

269 3579 400 3641 interita
420 3575 467 3640 oei
492 3575 641 3639 oblivium
661 3575 753 3638 etiam
775 3578 985 3638 servarentur.
1039 3574 1145 3638 Talem
1172 3575 1288 3639 bibrum
1315 3577 1446 3656 confecit
1468 3576 1519 3639 oir
1543 3576 1600 3657 qui
1624 3576 1661 3639 in
1681 3578 1915 3659 praefationum

269 3680 308 3745 ab
336 3680 402 3760 ipso
429 3678 582 3742 collectore
607 3681 749 3758 eunomia
773 3678 1008 3758 Ansepisum
1036 3678 1207 3741 abbatem
1240 3679 1374 3741 sedicit
1406 3682 1435 3740 et
1459 3678 1560 3758 ipsam
1580 3679 1814 3759 praefationum
1838 3680 1882 3761 (si

224 3858 226 3862 ¹
268 3783 382 3846 scilieet
408 3801 567 3845 annuum
595 3785 686 3844 notae
714 3781 753 3843 ab
781 3780 873 3843 initio
900 3780 1021 3860 positae
1046 3784 1146 3843 reatae
1170 3784 1262 3852 sunt)
1290 3800 1375 3844 anno
1388 3782 1448 3848 sm
1477 3780 1659 3844 antediem
1686 3784 1737 3849 28.
1768 3783 1883 3846 muisis

269 3886 422 3949 Ianuarii
441 3905 474 3948 se
494 3884 655 3964 scripsisse
673 3885 825 3965 affirmat.

370 3987 561 4068 Ariseyisrcm
570 3986 655 4049 buno
664 3987 844 4050 lobiensem
864 3986 965 4066 fuisse
980 3985 1118 4048 abbatem
1130 3984 1278 4065 Sipeberti
1290 3984 1521 4049 Gnnblacensis
1531 3986 1569 4067 [†
1584 3983 1674 4071 1112)
1688 3989 1881 4063 anctoritate,

268 4092 324 4173 qui
355 4091 388 4152 in
414 4090 556 4153 ebronieo
581 4109 638 4152 suo
665 4089 708 4150 ad
729 4108 852 4150 arenam
865 4091 923 4154 827
946 4087 1050 4167 (More.
1077 4086 1183 4150 Germ.
1205 4085 1269 4150 Ser.
1292 4085 1346 4162 VI,
1361 4090 1439 4159 338)
1466 4087 1513 4149 ita
1534 4087 1657 4151 scribit:
1683 4090 1916 4174 ‘Ansegisusn

269 4194 365 4258 abbas
388 4193 554 4257 lobiensis
575 4193 675 4256 edicte
698 4193 895 4275 imperatoris
916 4189 1024 4253 Keroli
1047 4189 1154 4274 Magni
1176 4189 1369 4253 etLudovici
1391 4189 1448 4253 filii
1469 4190 1598 4254 eiusad
1618 4191 1881 4256 aecclesiasticam

269 4297 370 4380 legem
393 4296 580 4379 pertinentia
601 4296 633 4356 in
654 4293 779 4356 duobus
797 4292 910 4355 libellis
922 4292 1067 4375 digessit3
1090 4293 1165 4355 item
1185 4291 1286 4355 edicte
1306 4293 1479 4356 eorundem
1501 4293 1540 4355 nd
1560 4293 1758 4357 mundanam
1781 4294 1881 4377 legem

268 4400 457 4483 pertinentia
478 4399 510 4460 in
533 4396 658 4459 (luobus
679 4416 780 4479 aeque
802 4395 915 4458 libellis
935 4394 1086 4477 digessit,'
1108 4396 1248 4455 auctores
1268 4391 1440 4472 complures
1459 4393 1692 4456 contenderunt.
1737 4393 1798 4459 Sco
1820 4396 1882 4457 iem

269 4499 430 4563 Baburins
459 4502 536 4561 recto
561 4497 821 4573 (tebnimudoortit,
859 4496 1047 4575 Ansepisnm
1077 4495 1203 4558 omnino
1230 4494 1406 4558 desiderari
1437 4495 1472 4558 in
1508 4495 1654 4559 αὸὺαέιιηι
1680 4495 1881 4561 Labiensinm

268 4602 413 4682 attelane,
434 4621 523 4681 quom
545 4599 667 4662 stmulo
687 4599 802 4661 decimo
823 4597 1000 4661 Fotcninns
1019 4597 1181 4660 Iobiarsis
1203 4596 1298 4659 abbas
1317 4598 1507 4678 conseripsit.
1550 4598 1638 4661 Adeo
1655 4603 1767 4662 contra
1788 4599 1915 4664 abbasn

270 4703 477 4767 Imamriensis
498 4704 532 4782 (i
544 4706 618 4779 992)
640 4703 674 4763 in
695 4700 859 4763 mir-amuis
882 4698 1114 4763 susannem
1134 4700 1206 4762 iton
1220 4699 1429 4762 Lirnooiensis
1441 4699 1561 4763 abbatis
1584 4701 1685 4780 capite
1704 4700 1883 4769 drmdecimo

271 4807 460 4885 riusepisum
488 4805 776 4867 Lucooiensem
808 4807 835 4864 ct
868 4802 979 4864 deinde
1007 4802 1042 4864 F
1044 4800 1345 4864 entre-trebiensem
1381 4801 1521 4865 abbatem
1547 4800 1733 4865 miteotionis
1760 4808 1882 4868 nostrae

269 4912 423 4970 auctorem
443 4906 532 4970 mm
553 4906 646 4969 ‹brbie
669 4906 787 4968 indicat
809 4905 915 4967 diceres
941 4904 979 4966 ebe
999 4924 1049 4966 eo:
1075 4905 1227 4988 ‘capitula
1254 4905 1410 4988 siqnidem
1440 4924 1553 4986 regum
1574 4903 1771 4970 Francorum
1800 4926 1880 4990 quae

269 5011 401 5074 diversis
425 5011 552 5074 fuerent
583 5016 653 5072 neta
687 5009 828 5072 conciliis
858 5009 981 5091 excepit
1008 5008 1214 5090 t'excerpsitP)
1247 5018 1277 5071 et
1309 5026 1375 5069 uno
1405 5006 1569 5070 volumine
1603 5008 1761 5071 contineri
1788 5008 1880 5072 iecit?

267 5111 351 5192 (Clr.
364 5111 519 5174 Mobilbon
540 5115 610 5174 aeta
630 5114 727 5172 sanct.
748 5110 811 5172 ord.
829 5108 858 5172 S.
875 5108 992 5171 Bened.
1003 5106 1089 5183 Hm,
1111 5128 1186 5188 pap.
1198 5111 1277 5185 457.)
1321 5107 1415 5188 Quem
1427 5106 1553 5187 quidem
1571 5108 1911 5172 manimislandrbusn

268 5217 385 5275 ornant
395 5214 532 5294 'eiusque
557 5214 668 5276 merita
690 5212 862 5292 praecipue
885 5211 921 5272 in
945 5211 1135 5274 neonasteria
1162 5209 1321 5290 complura
1347 5211 1419 5291 fuse
1443 5208 1597 5273 eelebrent
1620 5214 1708 5292 qesta
1735 5212 1879 5277 αὸὸαέιυη

269 5313 559 5378 Fontanctlensium
580 5315 680 5394 capite
700 5315 814 5376 ‹lecimo
838 5312 965 5393 septimo
986 5312 1089 5391 (Mon.
1115 5312 1219 5375 Germ.
1243 5311 1365 5392 stupa.
1377 5311 1423 5374 II.
1444 5315 1719 5393 paones-300),
1747 5334 1878 5396 mmmm

267 5417 451 5480 auctoritate
470 5415 545 5479 mec
566 5416 604 5480 cte
625 5417 810 5496 Ansepisi
832 5416 914 5478 oita
933 5415 1075 5478 notarnba
1097 5413 1251 5476 videntur.

370 5517 404 5582 Ε
418 5518 514 5581 nobili
535 5518 732 5582 Fran-eorum
750 5518 901 5598 prosapia
919 5517 1070 5597 oripiucm
1093 5517 1210 5580 ‹lmms
1234 5520 1357 5597 patrem
1376 5516 1488 5580 babuit
1506 5516 1730 5597 Anneianum,
1750 5522 1877 5583 mainan

268 5619 493 5685 Himilradam.
544 5619 697 5684 Geroaldo
720 5620 897 5700 propinquo
923 5638 981 5682 suo
1012 5618 1132 5683 abbatis
1157 5616 1256 5682 bocum
1283 5622 1402 5683 mure
1421 5620 1623 5701 (187-806)
1652 5618 1910 5691 modain!
