4380 6248
121 108 181 172 416
680 112 853 169 ANSEGISI
874 111 1169 171 CAPITULARthl

122 288 213 352 vobis
234 288 450 369 iniunximuS,
471 291 505 354 in
526 291 675 374 congruis
694 290 783 370 lociS,
803 289 858 354 ubi
878 289 1015 354 necdum
1037 289 1282 374 perfectumest,
1308 291 1347 354 sd
1368 292 1544 357 multorum
1565 292 1738 358 utilitatem

122 398 154 455 et
171 392 346 475 profectum
368 413 387 455 a
408 391 497 457 vobis
519 393 656 456 ordinari
676 413 741 456 non
762 393 978 477 neglegantur.

224 495 250 559 6.
292 494 341 557 111
360 493 572 557 admonitione
588 493 632 556 ad
651 493 773 557 comites
794 491 1009 575 parentilitate
1035 497 1163 558 1111111
1181 494 1244 559 Dei
1268 494 1419 560 meletias.
1461 496 1562 561 Vobis
1589 515 1666 562 vero
1687 515 1741 561 co·

123 595 254 660 mitibus
275 597 411 661 dicimus
431 616 553 680 vosque
574 615 828 676 commonemus,
853 597 929 680 quia
956 595 995 658 ad
1022 602 1163 660 vestrum
1191 599 1405 663 ministerium
1431 599 1572 664 maxine
1592 600 1740 683 pertinet,

124 705 159 761 ut
188 701 397 763 reverentiam
426 706 458 763 et
488 699 639 762 honorem
668 705 794 762 sanctae
819 696 880 762 Dei
907 697 1055 763 eeclesiae
1083 698 1259 764 exhibeatis
1285 707 1317 764 et
1346 719 1420 764 cum
1444 701 1600 784 episcopis
1622 702 1741 765 vestris
1766 725 1781 765 s

123 801 318 865 concorditer
338 803 453 865 vivatis
475 802 589 865 eteius
609 800 803 865 adiutorium
816 801 856 864 ad
869 820 966 865 suum
984 802 1197 865 ministerium
1219 802 1436 891 peragendum
1454 800 1631 886 praebeatis
1651 811 1684 866 et
1704 810 1743 867 ut

122 921 180 966 vos
200 903 261 986 ipsi
282 905 315 966 in
335 904 520 968 ministeriis
541 905 655 968 vestris
676 922 785 988 pacem
806 909 838 968 et
855 904 1010 968 iustitiam
1029 903 1150 968 faciatis
1182 909 1230 985 et,
1256 923 1339 988 quae
1359 910 1467 968 nostra
1486 905 1660 968 auctoritas
1680 924 1741 988 pu·

122 1003 203 1069 bhcc
222 1005 291 1068 fieri
319 1006 478 1086 decernit,
505 1011 542 1070 ut
570 1008 605 1069 in
632 1007 745 1069 vestris
765 1006 949 1070 ministeriis
969 1004 1109 1070 studiose
1136 1005 1360 1090 perficiantur·
1385 1004 1548 1069 1111111111.
1597 1005 1740 1070 Proinde

123 1126 292 1170 monemus
313 1114 450 1171 vestram
470 1108 670 1187 fidelitatem,
696 1112 733 1171 ut
751 1126 908 1172 memores
928 1109 997 1172 sitis
1016 1107 1091 1172 fidei
1111 1108 1206 1172 nobis
1225 1110 1399 1193 promissae
1417 1116 1450 1172 et
1475 1109 1510 1171 in
1535 1113 1624 1192 parte
1644 1109 1742 1172 mini·

124 1210 210 1271 sterii
229 1210 329 1272 nostri
352 1208 443 1273 vobis
462 1211 640 1288 commissi,
663 1212 696 1272 in
718 1229 794 1294 pace
815 1209 934 1274 scilicet
954 1215 985 1274 et
1005 1209 1294 1292 iustitiaiaoienda,
1314 1212 1524 1295 vosmetipsos
1541 1229 1652 1274 coram
1671 1207 1741 1274 Deo
1754 1236 1781 1276 a

122 1318 279 1374 eteorum
299 1311 485 1376 hominibus
506 1312 583 1375 tales
606 1310 798 1392 exhibeatis,
823 1317 860 1376 ut
882 1316 913 1375 et
933 1313 1033 1376 nostri
1055 1314 1122 1376 veri
1141 1312 1301 1377 adiutores
1319 1318 1351 1377 11
1370 1313 1480 1398 populi
1499 1319 1741 1377 conservatores

121 1413 204 1476 iuste
225 1413 287 1476 dici
309 1420 341 1477 et
359 1415 464 1476 vocari
485 1415 629 1498 possitis3
653 1421 684 1478 et
704 1414 792 1477 nulla
813 1412 971 1497 quaelibet
990 1433 1087 1478 causa
1105 1419 1162 1479 arnt
1180 1434 1352 1479 munerum
1370 1416 1508 1499 acceptio
1524 1421 1581 1479 aut
1599 1415 1742 1478 amicitia

124 1513 294 1578 utriuslibet
320 1514 371 1578 vel
398 1515 506 1579 odium
538 1524 594 1580 aut
615 1518 710 1580 timor
730 1516 779 1580 vel
806 1517 908 1600 gratia
934 1515 973 1579 ab
999 1523 1083 1582 statu
1112 1517 1312 1581 rectitudinis
1334 1536 1392 1581 vos
1416 1516 1542 1581 deviare
1562 1515 1741 1599 compellat,

125 1618 202 1698 quin
224 1617 306 1680 inter
325 1618 508 1701 proximam
528 1627 559 1683 et
578 1621 762 1703 proximum
781 1619 1160 1702 semperiusteiudicetis
1201 1618 1401 1702 Pupillorum
1419 1638 1494 1683 vero
1513 1624 1545 1682 11
1565 1617 1739 1682 viduarum

125 1724 155 1780 et
175 1725 370 1783 caeterorum
392 1739 566 1804 paupemm
588 1721 746 1785 adiutores
768 1739 805 1784 ac
826 1721 1005 1784 defensores
1025 1726 1057 1784 et
1077 1728 1203 1785 sanctas
1220 1722 1370 1785 ecclesiae
1390 1720 1441 1785 vel
1461 1738 1628 1785 servorum
1649 1720 1739 1783 illius
1751 1745 1777 1786 n

123 1819 327 1885 honoratores
347 1824 438 1886 iuxta
459 1830 595 1887 vestram
618 1822 856 1907 possibilitatem
878 1823 955 1886 sitis.
993 1822 1069 1887 lllos
1093 1842 1222 1907 quoque
1247 1824 1304 1907 qui
1330 1823 1506 1887 temeritate
1533 1828 1563 1887 et
1586 1821 1739 1887 violentia

123 1922 156 1984 in
177 1921 289 1987 furtisb
310 1931 342 1988 et
358 1925 549 1989 latrociniisl'
565 1926 632 1989 sive
644 1926 764 2008 rapinis
775 1943 979 1989 communem
990 1944 1099 2009 parem
1110 1925 1219 2010 populi
1230 1925 1413 2009 perturbare
1434 1925 1612 1989 moliuntur
1631 1932 1739 1990 vestm

124 2024 228 2088 studio
249 2033 281 2090 et
299 2030 507 2107 correctione,
528 2029 610 2091 sicut
630 2027 731 2104 decet,
750 2028 946 2111 compescite.
986 2026 1029 2091 Et
1049 2028 1077 2091 si
1098 2027 1207 2110 aliqua
1227 2046 1365 2112 persona
1383 2029 1417 2091 in
1435 2027 1544 2110 aliquo
1565 2026 1658 2091 vobis
1677 2028 1739 2090 im·

123 2127 302 2211 pedimento
322 2130 432 2202 fuerit,
453 2131 531 2214 quin
551 2148 587 2193 ea
609 2149 691 2212 quae
701 2128 950 2193 dicimusiaeere
962 2148 1028 2192 non
1042 2129 1185 2210 valeatis,
1206 2129 1300 2194 nobis
1318 2129 1359 2194 ad
1373 2136 1500 2213 tempus
1521 2128 1601 2193 illud
1622 2136 1737 2193 nomm

123 2229 191 2310 fiat,
212 2238 248 2295 ut
267 2239 374 2296 nostra
394 2233 578 2296 auctoritate
599 2232 699 2295 adiuti
722 2232 934 2295 ministerium
955 2238 1097 2296 vestrum
1120 2232 1215 2316 digne
1236 2232 1407 2315 adimplere
1427 2233 1563 2316 possitis.
1749 2256 1777 2295 n

225 2336 251 2400 1.
291 2333 340 2397 111
366 2334 576 2397 admonitione
604 2333 648 2396 od
675 2331 771 2396 laicos
796 2352 854 2415 pro
884 2333 997 2397 bonore
1024 2332 1224 2397 ecclesiastico
1249 2332 1467 2397 mnsernando.
1515 2332 1637 2398 Omnes
1662 2352 1738 2397 vero

123 2436 219 2500 laicos
237 2456 419 2516 monemus,
447 2444 483 2500 ut
504 2437 657 2500 honorem
680 2436 927 2500 ecclesiasticum
948 2444 1136 2500 conservent
1156 2443 1187 2500 et
1208 2436 1337 2520 dignam
1359 2436 1595 2499 venerationem
1615 2436 1739 2519 episco-

123 2538 172 2620 pis
191 2544 222 2600 et
242 2535 301 2601 Dei
322 2537 536 2602 sacerdotibus
557 2539 728 2603 exhibeant
754 2543 785 2602 et
808 2539 847 2602 ad
875 2557 986 2603 eoram
1011 2539 1276 2623 praedicationem
1303 2557 1379 2602 cum
1402 2538 1470 2602 suis
1495 2537 1608 2602 devote
1626 2555 1738 2600 occur·

124 2647 195 2703 rant
214 2646 246 2703 11
266 2641 384 2703 ieiunia
410 2640 450 2703 ab
476 2640 540 2705 illis
566 2644 778 2706 communiter
803 2641 921 2705 indicta
943 2649 1124 2705 reverenter
1150 2640 1319 2705 observent
1340 2647 1372 2704 et
1396 2659 1471 2704 suos
1491 2639 1661 2704 observare
1682 2639 1739 2702 do·

124 2746 214 2806 ceant
233 2749 264 2805 et
285 2742 480 2827 compellant
523 2742 565 2807 Ut
584 2745 679 2806 etiam
699 2743 766 2808 dies
779 2743 972 2822 dominicus,
992 2745 1074 2806 siout
1095 2742 1197 2820 decet,
1219 2742 1391 2806 honoretur
1410 2747 1441 2806 et
1462 2741 1600 2822 colatur,
1622 2759 1737 2805 omnes
1750 2769 1778 2810 n

124 2844 287 2923 studeant3
309 2854 340 2909 et
361 2853 396 2908 ut
414 2844 545 2909 liberius
566 2844 634 2909 fieri
655 2846 769 2928 possit,
789 2852 927 2909 mercata
947 2852 978 2908 et
997 2844 1112 2929 placita
1133 2864 1151 2907 a
1169 2842 1356 2924 comitibus,
1377 2845 1459 2908 siem
1479 2862 1573 2927 saepe
1591 2841 1738 2906 admem-

124 2953 193 3011 tum
213 2947 287 3027 fuit,
308 2947 362 3011 illo
384 2947 434 3012 die
454 2947 687 3031 prohibeantur.

223 3049 250 3113 8.
290 3048 340 3112 De
359 3048 570 3111 admonitione
588 3047 632 3111 ad
651 3047 773 3111 abbates
793 3050 821 3110 et
839 3045 936 3110 laicos
953 3066 1011 3129 pro
1031 3046 1277 3111 11111111νί111
1296 3043 1396 3127 regati
1414 3044 1560 3126 largitate
1577 3044 1639 3109 aet
1658 3063 1739 3110 1111-

123 3149 236 3214 missis.
278 3150 457 3215 Abbatibus
476 3169 604 3234 quoque
623 3156 655 3215 ct
667 3150 754 3214 laicis
768 3149 943 3234 specialiter
960 3149 1127 3231 iubemus,
1149 3156 1186 3213 ut
1206 3150 1240 3213 in
1251 3150 1452 3213 monasteriis
1472 3168 1555 3233 quae
1575 3167 1617 3212 ex
1627 3158 1738 3213 nostra

124 3253 267 3337 largitate
288 3253 406 3317 habent
425 3256 644 3338 episcoporum
667 3252 798 3316 oonsilio
821 3258 851 3316 et
871 3251 1060 3316 documento
1082 3271 1119 3316 ea
1140 3270 1222 3336 quae
1242 3251 1282 3314 ad
1301 3251 1486 3335 religionem
1499 3252 1777 3329 canonicorum„

125 3356 370 3436 monachorum,
400 3355 688 3420 sanctimonialium
710 3356 867 3439 pertinent
886 3361 1036 3438 peragant
1056 3361 1086 3418 11
1106 3373 1217 3418 eorum
1245 3352 1406 3417 salubrem
1431 3353 1682 3417 admonitionem
1703 3355 1736 3416 in

125 3458 184 3521 hoc
204 3457 339 3522 libenter
359 3458 489 3522 audiant
508 3464 539 3522 et
561 3457 735 3522 oboediant

224 3562 251 3626 9.
293 3556 344 3622 111
363 3559 573 3623 admonitione
599 3559 643 3622 ad
665 3559 836 3641 episcopos,
864 3557 989 3621 abbates
1014 3561 1042 3620 et
1068 3557 1112 3620 ad
1133 3577 1238 3621 manes
1263 3557 1369 3638 fideles
1392 3575 1452 3638 pro
1476 3556 1624 3620 maritum
1642 3555 1738 3619 aditi·

124 3662 219 3725 toriis.
260 3661 424 3746 Episcopis
444 3664 574 3743 iterum,
595 3660 762 3725 abbatibus
782 3667 814 3724 et
833 3662 936 3724 vassis
956 3661 1123 3724 nostriset
1145 3661 1295 3724 omuibus
1311 3659 1458 3724 fidelibus
1479 3659 1569 3723 laicis
1587 3659 1737 3737 dicimus,

125 3772 161 3828 ut
179 3763 350 3828 comitibus
370 3764 409 3826 ad
430 3765 568 3827 iustitias
588 3763 747 3827 faciendas
766 3762 925 3826 adiutores
946 3764 1022 3828 sitis
1746 3789 1773 3830 n

226 3867 272 3932 10.
312 3861 364 3927 De
380 3864 590 3927 admonitione
607 3864 651 3927 ad
671 3863 825 3946 episcopos
844 3864 891 3926 111
910 3863 1032 3926 comtes
1051 3882 1109 3946 pro
1124 3863 1288 3927 concordia
1306 3863 1351 3926 ad
1371 3862 1503 3925 inoicern
1523 3865 1552 3925 et
1569 3881 1643 3925 cnm
1661 3865 1735 3926 cete-

123 3966 170 4029 ris
188 3965 343 4046 fidelitas.
383 3966 531 4051 Episcopi
551 3986 625 4031 vero
647 3966 697 4030 vel
718 3967 848 4030 comites
875 3968 903 4028 et
924 3968 1062 4031 invicem
1088 3972 1215 4031 etcum
1237 3968 1348 4031 ceteris
1369 3965 1516 4031 fidelibus
1536 3965 1735 4030 concorditer

122 4071 233 4133 vivant
253 4076 284 4133 11
303 4069 342 4133 ad
362 4089 421 4133 sua
440 4070 615 4132 ministeria
635 4068 813 4152 peragenda
833 4069 974 4132 vicissim
996 4067 1056 4132 sibi
1077 4068 1269 4133 adiutorium
1290 4068 1400 4133 ferant

225 4175 270 4237 ll.
311 4168 362 4234 De
373 4170 585 4234 admonitione
603 4170 761 4233 adamas
778 4168 965 4248 peneraiiter
981 4170 1187 4252 proceritate
1206 4169 1376 4253 etpacead
1392 4169 1532 4233 invicem
1574 4168 1735 4235 Omnibus

123 4277 218 4339 etiam
239 4274 427 4357 generaliter
449 4275 602 4353 dicimus,
622 4278 660 4336 ut
678 4273 838 4336 caritatem
859 4281 891 4336 et
910 4291 1021 4357 paoem
1040 4273 1080 4336 ad
1100 4274 1238 4337 invicem
1258 4272 1399 4337 habeatis
1417 4279 1449 4337 et
1466 4272 1649 4354 generalem
1670 4273 1770 4342 ius-a

123 4379 244 4440 sionem
264 4383 405 4440 nostram
423 4376 610 4460 generaliter
630 4374 797 4439 observare
818 4373 983 4439 decertetis
1004 4382 1035 4439 et
1054 4377 1161 4440 missis
1182 4376 1311 4455 nostris,
1333 4395 1389 4459 pro
1401 4374 1630 4459 qualicumque
1650 4374 1735 4439 scili·

29 4550 35 4562 ,
122 4487 171 4543 111
191 4486 247 4543 aut
266 4477 477 4543 ecclesiastica
496 4485 552 4541 aut
572 4476 701 4561 publica
710 4474 845 4540 utilitate
866 4477 917 4541 vel
938 4479 1149 4561 oportunitate
1170 4476 1299 4540 anobis
1320 4476 1462 4556 directis,
1482 4477 1582 4540 nostri
1603 4475 1733 4541 honoris

122 4600 218 4644 causa
240 4580 390 4644 honorem
413 4578 588 4644 exhibeatis
610 4586 641 4642 11
660 4585 787 4664 propter
807 4585 933 4643 nostrae
954 4581 1148 4643 auctoritatis
1169 4581 1404 4643 venerationem
1424 4597 1462 4641 ea
1482 4596 1566 4661 quae
1586 4596 1644 4662 per
1664 4577 1735 4643 illos

122 4683 320 4764 iniungimus
339 4701 431 4766 agere
450 4701 514 4745 non
536 4681 716 4764 neglegatis

227 4784 271 4847 12.
313 4780 363 4845 111
382 4782 437 4846 hoc
456 4782 539 4862 qnod
559 4781 777 4864 unusquisqne
803 4785 1016 4866 epmcopornm
1037 4780 1084 4846 111
1107 4782 1252 4846 comitum
1276 4785 1399 4864 partem
1421 4780 1593 4847 ministerii
1616 4780 1734 4865 resta

121 4882 245 4959 habeat,
272 4883 355 4947 etde
376 4885 548 4948 testimonio
568 4884 709 4967 ipsoram
729 4884 773 4947 ad
793 4884 933 4948 incicen.
972 4884 1014 4948 Et
1033 4886 1197 4968 quoniam,
1222 4885 1306 4948 sicut
1326 4883 1484 4963 diximus,
1506 4884 1733 4971 musqnisqns

121 4991 265 5049 vestrum
285 4993 406 5070 partem
428 4987 594 5051 ministerii
614 4988 713 5050 nostri
733 5006 790 5070 per
809 4994 913 5071 partes
933 4985 1049 5050 habere
1071 4986 1265 5066 dinoscitur,
1295 4986 1445 5050 volumus
1462 4985 1608 5070 studere,
1630 4988 1663 5053 d
1676 5004 1727 5075 pu

122 5086 306 5153 clamatores
326 5091 354 5150 et
374 5107 430 5173 per
450 5088 512 5152 alia
532 5087 692 5172 quaelibet
710 5094 795 5152 certa
815 5088 933 5152 indicia
953 5091 981 5151 et
1005 5107 1062 5172 per
1082 5089 1197 5152 missos
1216 5093 1343 5151 nostros
1364 5106 1446 5171 qnos
1465 5087 1507 5152 ad
1525 5088 1588 5155 boo
1606 5086 1718 5161 ‚ordin

121 5189 275 5269 verimus,
304 5189 439 5271 qualiter
460 5191 684 5274 unusquisque
705 5188 828 5254 adhoc
848 5196 968 5255 certare
988 5189 1159 5265 studuerit,
1185 5196 1216 5253 et
1235 5207 1291 5273 per
1311 5207 1482 5254 commune
1501 5190 1711 5259 nsum·-

221 5399 250 5466 ι)
269 5399 403 5473 perlicere
413 5403 499 5456 codd.
511 5402 669 5474 complures.
728 5401 759 5473 b)
779 5401 854 5459 furto
866 5410 897 5460 et
906 5403 1052 5460 latrocinio
1067 5405 1151 5457 codd.
1164 5403 1262 5474 compl
