4380 6248
279 363 340 428 312
931 366 1156 423 HLUDOWICI
1180 369 1233 423 PII

283 542 432 628 Cespiteclo
455 544 532 607 hoec
553 568 623 606 marre
645 542 897 607 antecedentibus
916 566 932 606 e
952 543 1099 606 Βωηαπα
1126 543 1190 630 leye
1209 546 1364 638 acceptas
1391 544 1554 608 cabonem
1568 544 1753 630 frapmmto
1775 545 1879 609 Mone-

280 647 385 709 censis
407 644 593 709 (dissuadere
614 644 767 709 vedana.

1091 750 1141 825 (B.
1163 748 1254 833 opud
1270 748 1403 834 Anceps
1430 749 1467 812 P.
1483 749 1512 828 I,
1527 750 1597 821 254,
1614 751 1787 829 e.3·-18.)

382 906 585 1036 Capitale
605 951 772 1014 concilii
789 950 1016 1034 Mogontiae
1037 951 1171 1014 habiti.
1214 952 1274 1016 VI.
1296 951 1349 1017 De
1369 954 1556 1037 orphanis
1577 960 1608 1017 et
1628 954 1878 1019 exheredatis

280 1053 564 1118 subveniendo.
605 1053 737 1137 Propter
756 1054 848 1117 istius
869 1055 976 1136 itaque
996 1054 1081 1137 pacis
1103 1055 1306 1142 concordiam
1322 1056 1570 1120 conservandam
1592 1057 1711 1141 placuit
1732 1056 1825 1121 nobis
1844 1056 1909 1121 dea

279 1156 397 1218 orfanis
418 1166 448 1219 et
470 1155 675 1239 pauperibus,
704 1157 759 1239 qui
782 1155 885 1220 debite
905 1155 955 1219 vel
975 1154 1115 1220 indebite
1137 1156 1287 1221 dicuntrn
1305 1159 1450 1221 amisisse
1469 1158 1671 1223 hereditatem
1692 1160 1814 1242 paterni
1833 1160 1877 1223 vel

279 1260 413 1321 natiterni
431 1260 511 1321 iniis
533 1258 570 1321 ad
591 1277 624 1321 se
646 1257 769 1339 legibus
789 1259 1010 1341 pertinentem:
1035 1259 1062 1320 si
1083 1258 1201 1321 alicubi
1213 1260 1336 1323 Inventi
1349 1260 1560 1343 fuerintquos
1581 1268 1686 1344 patres
1707 1261 1758 1326 vel
1769 1270 1879 1327 matres

278 1366 404 1443 propter
423 1362 606 1424 traditiones
626 1360 752 1423 illorum
774 1359 946 1423 exheredes
964 1359 1120 1431 fecenmt,
1138 1361 1271 1424 aliorum
1294 1362 1413 1425 scilicet
1423 1362 1626 1427 suasionibus
1649 1370 1707 1428 aut
1726 1366 1879 1448 petitioni·

278 1462 339 1525 bns
360 1463 410 1526 vel
431 1464 537 1545 aliquo
558 1465 701 1546 ingenio,
729 1463 859 1525 omnino
881 1461 1031 1525 volumus
1051 1469 1146 1545 atque
1168 1463 1365 1528 decrevimus
1387 1464 1565 1545 emendari,
1585 1471 1744 1548 qnantum
1765 1467 1806 1529 ad
1825 1486 1879 1531 nos

279 1565 327 1627 vel
353 1566 391 1627 ed
412 1572 550 1628 nostram
572 1566 707 1649 pertinet
728 1570 927 1648 potestatem,
947 1565 1037 1627 iuxta
1057 1565 1252 1628 voluntatem
1274 1563 1334 1630 Dei
1355 1574 1386 1629 et
1407 1572 1543 1630 vestram
1565 1573 1706 1631 sanctam
1728 1571 1879 1632 ammoni-
1888 1592 1909 1630 a

279 1669 395 1730 tionem
425 1674 456 1730 et
479 1667 666 1730 considerati
679 1686 769 1730 anem.
816 1665 928 1742 Quone
959 1669 986 1729 si
1012 1666 1090 1731 forte
1117 1674 1206 1730 extra
1232 1666 1371 1732 officinm
1400 1676 1544 1732 nostrum
1572 1669 1687 1733 alieubi
1715 1672 1877 1735 inventum

278 1769 389 1848 tenerit,
408 1788 589 1833 ammonere
611 1771 767 1832 vestram¹
788 1769 989 1833 clementiam
1010 1769 1200 1849 audeamuS,
1221 1776 1258 1833 ut
1277 1770 1470 1834 emendetur.

377 1874 404 1936 2.
447 1871 527 1934 VII.
550 1871 597 1934 Ut
625 1891 688 1934 res
716 1890 935 1955 pauperum
968 1871 1028 1934 vel
1053 1873 1182 1935 minus
1207 1878 1415 1955 potentum
1441 1873 1543 1936 mala
1567 1875 1779 1937 occasione
1806 1894 1878 1939 non

277 1984 467 2037 enitantur.
510 1974 642 2056 Propter
663 1975 859 2055 provisiones
880 1991 1070 2057 pauperum,
1090 1993 1146 2057 pro
1169 1973 1287 2056 quibus
1307 1994 1417 2038 curam
1438 1975 1555 2040 habere
1573 1975 1745 2057 debemus,
1766 1977 1879 2061 placuit

277 2075 381 2153 nobie,
402 2087 438 2140 ut
459 2095 517 2139 nec
538 2077 676 2159 episcopi
698 2095 757 2140 nec
776 2075 905 2139 abbates
927 2094 984 2138 nec
1005 2077 1137 2139 comites
1158 2094 1216 2139 nec
1227 2077 1335 2139 vicarii
1346 2095 1405 2140 nec
1423 2077 1545 2141 iudices
1557 2077 1732 2161 nullusque
1752 2081 1910 2142 omninou

278 2177 338 2241 snb
361 2179 442 2242 niala
464 2180 628 2242 occasione
648 2178 697 2242 vel
716 2178 799 2241 malo
820 2179 947 2261 ingenio
967 2196 1017 2240 res
1038 2197 1211 2261 pauperum
1234 2177 1286 2241 vel
1305 2179 1412 2242 minus
1433 2186 1596 2261 potentum
1619 2199 1679 2243 nec
1699 2200 1806 2244 enrere
1825 2200 1880 2245 nec

276 2283 308 2343 vi
336 2281 444 2344 tollere
469 2281 597 2359 aracleam
625 2281 679 2344 sed
706 2282 854 2363 quisalius
882 2299 922 2343 ex
950 2281 995 2343 eis
1024 2280 1143 2363 aliquid
1170 2300 1342 2364 conparare
1369 2281 1517 2361 voluerit,
1549 2285 1581 2346 in
1611 2282 1739 2367 publico
1769 2283 1880 2368 placito

275 2402 381 2447 eoram
403 2384 525 2447 idoneis
546 2382 679 2447 testibus
699 2392 730 2446 et
757 2402 829 2446 curn
860 2384 980 2445 ratione
1001 2382 1060 2444 hoc
1088 2381 1189 2445 faciat
1239 2382 1441 2467 Ubicumque
1467 2392 1573 2448 autem
1600 2385 1691 2448 aliter
1715 2387 1878 2450 Inventum

275 2487 384 2560 inerit,
404 2486 521 2549 factum
544 2486 603 2548 hoe
624 2486 753 2549 omnino
775 2484 960 2548 emendetur
981 2503 1036 2566 per
1055 2485 1230 2548 iussionem
1250 2488 1436 2548 vestram.b1

375 2590 403 2652 3.
446 2587 618 2650 XXXVI.
649 2585 702 2650 De
730 2585 1038 2650 festivitatibus.
1087 2585 1196 2650 Festos
1229 2588 1296 2651 dies
1322 2590 1354 2650 in
1388 2608 1471 2651 anno
1495 2588 1652 2653 celebrare
1680 2591 1914 2654 sanc-nausea

276 2689 334 2751 hoc
354 2700 401 2753 est
422 2690 504 2753 diem
526 2690 721 2753 dominicum
742 2689 875 2772 paschae
897 2707 969 2751 curn
999 2691 1085 2751 omni
1108 2690 1225 2753 honore
1246 2698 1277 2753 et
1298 2689 1465 2754 sobrietate
1487 2693 1643 2769 venerari,
1669 2693 1766 2755 simili
1789 2693 1879 2755 modo

276 2800 371 2854 totam
394 2791 599 2855 ebdomadam
624 2792 709 2855 illam
732 2791 899 2855 ohservare
921 2791 1132 2869 decrevimus3
1165 2791 1247 2855 diern
1275 2793 1469 2856 ascensionis
1488 2790 1617 2856 Domini
1647 2794 1782 2876 pleniter
1803 2794 1880 2858 cele·

275 2893 379 2957 brace:
403 2896 433 2956 in
454 2902 654 2978 pentecosten
676 2894 820 2957 similiter
840 2900 875 2956 nt
897 2894 929 2956 in
953 2893 1085 2976 pascha3
1109 2895 1141 2955 in
1164 2893 1266 2957 natale
1286 2893 1499 2976 apostolorum
1520 2894 1605 2959 Petri
1626 2903 1658 2959 et
1676 2894 1770 2959 Pauli
1797 2896 1878 2960 dlern

278 3015 394 3074 unuu13
415 2998 612 3059 nativitatem
624 2997 725 3059 sancti
735 2995 887 3058 Iohannis
901 2995 1069 3079 baptistae,
1090 2996 1344 3078 adsumptionem
1358 3003 1485 3060 sanctae
1495 2995 1627 3087 Mariae,
1649 2998 1879 3062 dedicationem

276 3099 374 3161 sancti
402 3097 578 3177 Michaelis,
611 3099 747 3161 naitalem
776 3099 875 3162 soracti
905 3097 1059 3179 Remigii,
1093 3098 1192 3160 sancti
1218 3095 1360 3175 Martini,
1393 3099 1493 3161 sancti
1520 3099 1681 3177 Andreae3
1714 3102 1748 3163 in
1777 3100 1880 3164 natale
1890 3126 1915 3167 a

275 3197 403 3263 Domini
431 3201 498 3264 dies
525 3210 675 3284 (liventem
716 3201 842 3264 octabas
871 3199 1017 3275 Domini;
1053 3199 1250 3282 epiphaniam
1284 3198 1429 3279 Domini3
1466 3200 1719 3284 purificationem
1753 3210 1880 3266 sanctae

275 3301 399 3365 Mariae.
440 3302 481 3364 Et
498 3302 567 3366 illas
589 3304 773 3366 festivitates
796 3311 970 3382 nrartvrum
1002 3301 1050 3365 vel
1072 3301 1287 3365 confessorum
1310 3300 1478 3366 observare
1498 3303 1713 3383 decrevimus,
1742 3324 1880 3387 quorum

275 3404 307 3466 in
331 3424 522 3487 unaquaque
542 3406 704 3488 parrochia
728 3415 835 3468 sancta
856 3424 986 3487 corpora
1006 3406 1229 3487 requiescunt⁰

374 3510 401 3570 4.
443 3506 536 3570 XLI.
560 3507 609 3571 Ut
629 3510 818 3591 antiquae
841 3508 1036 3571 ecclesiae
1056 3507 1243 3569 honorem
1265 3525 1377 3569 suurn
1399 3506 1576 3570 habeant„
1618 3506 1780 3573 Ecclesiae
1801 3512 1880 3573 arnti-

275 3611 383 3691 qnitus
404 3611 591 3673 constitutae
611 3629 670 3673 nec
695 3610 825 3673 decimis
846 3628 904 3673 nec
926 3609 995 3671 aliis
1017 3607 1270 3691 possessionibus
1291 3609 1470 3691 priventur,
1496 3610 1541 3671 ita
1563 3620 1598 3673 ut
1619 3612 1713 3673 novis
1734 3613 1915 3679 oratoriisn

274 3710 437 3775 tribuatur.

372 3815 399 3875 ἴ).
442 3812 595 3877 XLVII.
625 3812 680 3878 De
702 3812 967 3897 spiritalibus
988 3813 1146 3875 filiolis
1196 3811 1317 3877 Deinde
1343 3814 1566 3897 praeprimus,
1593 3821 1628 3876 nt
1655 3817 1878 3899 unusquisque

273 3925 431 3998 compater
451 3916 500 3979 vel
523 3918 658 3999 proximi
681 3916 836 4000 spiritales
858 3916 939 3979 filios
960 3935 1035 3979 snos
1057 3915 1207 3978 catholice
1227 3918 1394 3979 instruant.

374 4020 399 4083 6.
442 4016 1203 4102 CapitulaconciliiCabillonensis.V.
1245 4017 1288 4080 Ut
1308 4019 1398 4080 iirxta
1418 4018 1548 4100 apostoli
1570 4038 1678 4082 vocem
1702 4021 1878 4084 sacerdotes

272 4120 565 4203 inreprehensibiles
587 4123 649 4184 sint
672 4128 703 4184 et
723 4119 865 4183 maribus
885 4121 984 4182 ornati
1011 4129 1040 4183 et
1063 4138 1265 4202 nequaquam
1286 4119 1433 4202 turpibus
1454 4120 1551 4183 lucris
1572 4120 1767 4200 deserviant,
1790 4124 1912 4186 iuxtaa

271 4222 350 4285 illuc
370 4222 454 4304 quod
484 4224 527 4285 ait
553 4224 720 4305 scriptura:
749 4222 1037 4286 ‘uem031nilitans
1061 4221 1128 4284 Deo
1154 4222 1281 4305 inplicat
1306 4241 1339 4285 se
1366 4224 1501 4304 negotiis
1528 4222 1760 4297 saecularibus,
1789 4236 1825 4288 ut
1848 4225 1875 4288 ei

271 4324 407 4407 placeat.
434 4326 485 4387 cui
514 4344 547 4387 se
568 4323 733 4407 probavit’
780 4324 820 4387 Et
847 4346 865 4386 a
894 4323 1040 4407 turpibus
1070 4323 1166 4387 lucris
1189 4332 1219 4386 et
1248 4323 1353 4386 usuris
1379 4343 1443 4386 non
1472 4323 1575 4387 solum
1602 4326 1662 4409 ipsi
1691 4326 1876 4393 abstineant.

271 4446 382 4490 verum
406 4428 500 4490 etiam
523 4426 628 4510 plebes
650 4426 709 4489 sibi
730 4427 871 4490 subditas
891 4426 1048 4489 abstinere
1070 4427 1245 4488 instituant.

372 4530 398 4591 ῖ.
442 4528 588 4592 XVIII.
631 4528 759 4592 Dictum
777 4539 824 4592 est
845 4528 953 4593 nobis.
983 4527 1119 4610 (proclia
1144 4525 1335 4609 quibusdam
1364 4527 1440 4592 locis
1468 4530 1605 4613 episcopi
1632 4536 1662 4593 et
1683 4532 1816 4594 comites
1836 4529 1874 4592 al·

272 4631 460 4694 incestuosis
482 4637 513 4694 et
540 4631 579 4694 ab
602 4633 650 4694 his
673 4633 726 4714 qui
750 4632 887 4693 decimas
908 4650 973 4692 nean
995 4630 1070 4692 dant
1099 4629 1216 4691 wadios
1237 4631 1391 4713 accipiant
1412 4638 1442 4694 et
1466 4651 1484 4693 a
1504 4631 1707 4715 praesbiteris
1728 4652 1785 4716 pro
1806 4634 1910 4717 qui-ao

270 4730 404 4794 busdam
426 4733 631 4816 neglegentiis
653 4742 683 4796 et
704 4734 784 4796 inter·
806 4752 839 4794 se
864 4733 1031 4815 pecuinam
1059 4732 1209 4795 dividant.
1259 4732 1352 4808 Quod
1377 4734 1525 4816 paenitus
1553 4732 1744 4798 abolendum
1772 4734 1874 4799 ‹lecre-

270 4835 392 4912 vimus,
420 4854 459 4898 ne
480 4835 559 4897 forte
580 4836 729 4897 avaritiae
749 4836 838 4897 locus
862 4834 968 4907 dotum
999 4840 1029 4896 et
1055 4835 1294 4914 constituimuS,
1317 4841 1351 4898 ut
1374 4836 1544 4898 incestuosi
1571 4835 1663 4898 iuxta
1690 4838 1872 4900 canonicam

271 4937 456 4998 sententiam
488 4938 677 5018 paenitentia
714 4936 903 5011 rrrultentnv3
943 4937 997 5018 qiu
1031 4955 1104 4998 vero
1141 4936 1279 4998 decimas
1310 4943 1380 5019 post
1413 4933 1538 4998 crebras
1575 4935 1808 5001 admonitiones
1844 4950 1874 5001 et

370 5208 397 5275 a}
415 5209 529 5264 l'trlru.
591 5211 620 5277 oj.
636 5218 757 5263 instram
768 5211 979 5264 sarrirnnllicoehl.
990 5212 1056 5262 alara.
1119 5208 1145 5278 e)
1168 5207 1302 5262 Similiter
1310 5209 1394 5262 etiarn
1403 5209 1605 5266 dedicationem
1614 5211 1715 5283 templi
1723 5212 1939 5267 aenaim

269 5306 343 5340 cerac.
353 5289 478 5358 ⁴lloynnt.

370 5545 398 5607 ll
408 5545 583 5615 Inprernterra
590 5564 668 5614 nimio
676 5546 795 5617 epithema
801 5547 829 5597 ia
837 5547 951 5600 coercitio
959 5548 1078 5601 estuanti
1083 5549 1111 5600 in
1120 5548 1431 5619 cantoriumproesettbac
1438 5547 1624 5619 nuceum.
1677 5550 1709 5623 θ)
1719 5548 1780 5621 Cre.
1786 5566 1867 5623 qn

261 5643 495 5714 puy.179,c.19.
555 5643 586 5711 3)
603 5644 629 5697 ⁶2.
642 5644 755 5696 llrnotlt.
766 5643 792 5712 2,
801 5643 829 5697 4.
