4418 6226
276 368 339 432 420
836 372 1008 430 ANSEGlSl
1030 372 1324 431 csPlTluslrlt'M

275 564 353 610 mus
374 547 544 611 relatorum
565 548 710 631 querelas
731 548 771 610 ad
793 547 1007 612 definiendum
1030 551 1195 613 remittere.
1240 549 1305 633 Ipsi
1324 568 1399 612 vero
1420 550 1510 612 missi
1532 568 1596 612 non
1622 549 1693 613 sine
1714 549 1900 612 certissima

277 668 374 712 eausa
393 649 441 713 vel
466 651 651 714 necessitate
671 650 734 713 huc
753 649 894 733 illucque
915 651 1104 733 discurrant,
1125 653 1188 715 nisi
1203 651 1421 733 fortequande
1440 651 1503 716 tale
1522 649 1643 734 aliquid
1664 651 1700 713 in
1720 649 1899 714 cuiuslibet

277 752 452 815 ministerio
474 751 514 814 ad
534 752 721 835 legationem
750 772 841 814 suam
869 753 1044 835 pertinente
1070 761 1174 817 ortum
1202 773 1272 817 esse
1298 755 1521 837 cognoverint,
1549 752 1635 836 quod
1661 771 1777 817 eorum
1804 772 1898 838 prae·

276 856 378 919 sentia
399 854 539 937 indigeat
559 858 590 918 et
610 856 678 917 siue
705 873 814 917 eorum
835 854 966 917 consilio
993 856 1043 918 vel
1068 857 1223 919 adiutorio
1251 855 1413 919 emendari
1438 875 1502 918 non
1520 855 1626 938 pessit
1674 852 1757 919 Inde
1784 861 1893 919 tamen

274 957 391 1021 debent
412 975 482 1020 esse
503 957 643 1035 solliciti,
664 962 700 1019 ut
721 962 846 1039 propter
865 955 992 1019 illorum
1013 957 1241 1040 neglegentiam
1264 957 1343 1021 nihil
1365 959 1399 1020 in
1421 976 1479 1020 sua
1499 956 1655 1040 legatione
1674 957 1895 1021 incorrectum
1921 980 1934 1020 a

276 1064 451 1136 remaneat3
480 1057 532 1121 sed
554 1058 610 1121 ubi
631 1066 747 1121 certam
769 1064 800 1121 et
820 1077 928 1121 veram
948 1061 1165 1123 necessitatem
1187 1061 1407 1142 cognoverint,
1428 1066 1568 1122 nostram
1590 1059 1767 1122 iussionem
1790 1058 1894 1122 adim·

274 1161 360 1244 plere
381 1180 445 1224 nen
469 1161 640 1244 neglegant

377 1265 424 1327 2Ῐ.
466 1259 516 1324 De
535 1261 590 1324 hec
615 1262 698 1342 qvod
717 1283 773 1342 per
793 1262 902 1325 misses
922 1262 1090 1325 dorninicos
1112 1283 1148 1325 eu
1168 1282 1250 1344 quac
1266 1263 1333 1343 per*
1349 1261 1490 1343 capitula
1511 1264 1631 1325 aarum
1650 1265 1728 1324 sunt
1743 1262 1894 1327 omnibus

276 1367 351 1426 aeta
378 1364 450 1442 ficri
476 1364 612 1427 (labeant.
655 1364 814 1428 Volumus
842 1367 950 1445 etiam,
978 1375 1013 1429 ut
1041 1365 1191 1429 omnibus
1218 1372 1329 1429 notum
1358 1367 1413 1443 sit,
1443 1366 1538 1448 quia·
1567 1363 1607 1428 ad
1635 1364 1695 1427 hoc
1723 1366 1892 1428 constituti

278 1473 369 1546 sunt,
395 1474 430 1530 ut
452 1487 487 1538 ea
509 1486 590 1550 qnae
610 1487 666 1551 per
687 1468 822 1551 capitula
844 1476 950 1531 nostra
971 1469 1158 1551 generaliter
1178 1469 1216 1531 de
1237 1467 1494 1551 quibuscumque
1513 1468 1618 1530 causis
1639 1468 1813 1530 statuimus
1834 1486 1894 1550 per
1906 1491 1930 1527 ru

277 1569 347 1632 illos
369 1575 441 1631 uota
463 1569 541 1631 fiant
560 1568 709 1633 omnibus
731 1578 761 1633 et
783 1571 815 1632 in
837 1588 946 1634 eorum
958 1572 1177 1653 procuratione
1197 1572 1383 1643 consistant,
1405 1578 1442 1632 ut
1460 1568 1499 1632 ab
1521 1567 1670 1632 omnibus
1692 1568 1892 1652 adimplean-

277 1676 337 1733 tur.
378 1670 419 1733 Et
440 1670 494 1733 ubi
517 1670 594 1734 forte
619 1671 725 1754 aliquo
747 1672 801 1734 tali
823 1672 1060 1755 impedimento,
1085 1672 1170 1754 quod
1198 1691 1253 1755 per
1275 1690 1329 1734 ces
1350 1670 1511 1735 emendari
1537 1690 1602 1734 nen
1622 1672 1738 1754 possit,
1765 1671 1892 1755 aliquid

280 1772 318 1835 de
339 1773 387 1835 his
409 1791 491 1854 quae
513 1774 736 1836 constituimus
763 1793 800 1835 ae
821 1774 975 1837 iussimus
1004 1776 1188 1837 remanserit
1215 1774 1445 1857 imperfectum,
1471 1793 1582 1837 eorum
1609 1772 1712 1837 relatu
1734 1773 1829 1838 nobis
1849 1774 1892 1837 ad

279 1880 403 1957 tempus
422 1874 593 1953 indicetur,
614 1881 649 1937 ut
668 1894 723 1958 per
743 1895 801 1938 nos
823 1878 997 1957 corrigatur
1018 1877 1102 1958 quod
1125 1895 1180 1959 per
1200 1895 1254 1940 eos
1277 1877 1390 1959 corrigi
1412 1896 1476 1938 non
1496 1877 1605 1959 potuit.

376 1980 422 2041 28.
465 1973 514 2037 Dc
535 1975 739 2038 commitere
760 1976 804 2038 ed
825 1977 948 2056 eosqui
967 1976 1117 2056 legatione
1138 1978 1330 2057 fatigantur.
1373 1977 1475 2042 Nosse
1493 1997 1550 2041 vos
1571 1977 1745 2056 eredimus,
1775 1981 1892 2062 quanti
1905 1998 1931 2038 u

274 2080 316 2142 sit
340 2079 486 2161 ponderis
514 2079 626 2160 legatio
654 2099 750 2161 quam
769 2079 858 2141 vobis
878 2081 1097 2143 commisimus
1117 2088 1148 2144 et
1169 2101 1265 2163 quam
1290 2082 1331 2143 sit
1351 2079 1564 2163 periculosum
1585 2086 1690 2142 mutae
1710 2081 1755 2143 rei
1777 2099 1893 2145 curam

277 2181 454 2262 neglegere,
477 2189 626 2263 quantam
650 2200 706 2243 vos
727 2201 784 2264 pro
803 2190 910 2244 nostra
931 2183 1076 2245 omnium
1088 2183 1251 2245 communi
1270 2183 1371 2245 salute
1383 2200 1423 2245 ex
1442 2190 1549 2245 nestra
1570 2181 1760 2265 obligatione
1782 2200 1893 2247 susce·

278 2283 361 2365 pisse
382 2302 445 2345 non
468 2283 627 2364 ignoratis.
671 2281 718 2345 lle
740 2303 803 2366 qua
832 2303 903 2346 cum
936 2303 992 2347 vos
1021 2285 1317 2367 interrogassemus,
1341 2303 1405 2346 non
1436 2285 1480 2346 sie
1512 2284 1601 2347 nobis
1622 2302 1813 2366 responsum
1833 2294 1894 2363 est,

280 2394 317 2447 ut
338 2386 370 2447 in
393 2404 429 2448 co
450 2403 599 2467 responso
620 2385 764 2448 sufficere
784 2387 938 2468 potuisset
958 2387 998 2448 ad
1019 2386 1170 2449 eandemb
1195 2386 1448 2469 dispositionem,
1470 2405 1566 2468 quam
1588 2404 1695 2448 rerum
1716 2387 1893 2450 necessitas

275 2487 315 2549 ad
337 2505 538 2549 communem
560 2487 727 2550 utilitatem
750 2489 975 2570 pertinentium
997 2508 1124 2572 poscere
1152 2487 1318 2551 videbator
1336 2488 1386 2551 vel
1409 2507 1491 2570 qnae
1507 2487 1599 2551 nobis
1621 2487 1748 2570 aliquod
1769 2491 1932 2552 securi-ao

279 2591 350 2652 tatis
372 2589 519 2651 solatium
541 2588 650 2652 afferre
671 2592 833 2672 potuisset.
874 2590 914 2652 Et
932 2591 990 2653 hoc
1008 2592 1078 2653 ideo
1099 2593 1243 2654 evenisse
1264 2593 1499 2674 perspeximus,
1520 2591 1595 2673 quia
1611 2609 1695 2653 anno
1713 2592 1894 2673 praeterito,

281 2692 408 2774 quando
430 2691 601 2774 capitulare
622 2692 785 2774 legationis
807 2702 928 2756 vestrae
950 2692 1040 2755 vobis
1062 2693 1223 2772 dedimus,
1252 2700 1344 2755 caute
1376 2713 1432 2755 vos
1457 2691 1624 2756 observare
1648 2693 1821 2770 iussimus,
1850 2713 1893 2758 ne

279 2796 348 2856 sine
368 2813 463 2856 causa
484 2795 533 2857 his
554 2814 634 2876 quos
656 2795 825 2857 honoratos
845 2813 914 2857 esse
943 2794 1091 2857 volumus
1112 2795 1218 2877 aliqua
1246 2795 1334 2858 fieret
1358 2795 1481 2857 iniuria.
1523 2792 1719 2877 Quapropter
1738 2793 1894 2859 volumus

278 2895 368 2957 vobis
390 2902 501 2958 notum
521 2897 636 2973 facere,
663 2896 798 2978 qualiter
826 2914 913 2958 nunc
934 2894 1000 2959 Dee
1026 2897 1196 2960 adiuvante
1222 2897 1355 2960 eandem
1383 2897 1556 2959 iussionem
1585 2905 1723 2960 nostram
1749 2895 1893 2961 debeatis

277 2997 455 3080 adimplere.
497 2996 669 3075 Volumus,
696 3006 732 3060 ut
753 2998 841 3061 missi
864 2999 978 3076 nostri,
1007 3018 1087 3079 quos
1116 2999 1155 3061 ad
1176 2998 1236 3060 hoc
1260 2999 1449 3060 constitutos
1471 2997 1640 3071 habemus,
1668 3006 1703 3060 ut
1723 3016 1836 3062 euram
1859 3010 1894 3063 et
1905 3017 1933 3057 ²⁵

278 3099 523 3162 sollicitudinem
545 3097 681 3161 habeant
702 3101 852 3181 quatinus
872 3101 1096 3183 unusquisque
1108 3101 1165 3183 qui
1175 3107 1278 3163 rector
1298 3120 1316 3162 a
1334 3098 1425 3162 nobis
1447 3098 1555 3182 populi
1575 3100 1676 3162 nostri
1696 3101 1893 3165 constitutus

282 3209 329 3264 est
351 3203 383 3263 in
406 3221 464 3264 suo
486 3200 595 3264 ordine
616 3200 753 3264 officium
782 3200 842 3264 sibi
866 3203 1073 3265 commissum
1101 3203 1183 3265 iuste
1209 3221 1245 3264 ac
1266 3201 1333 3265 Deo
1359 3201 1471 3284 placite
1500 3202 1539 3263 ad
1566 3202 1717 3265 honorem
1741 3210 1892 3266 nostrum

277 3324 315 3366 ac
340 3304 448 3387 pupuli
477 3304 576 3366 nostri
605 3303 771 3366 utilitatem
800 3305 1009 3383 administret,
1039 3305 1070 3366 in
1098 3305 1183 3367 hunc
1212 3304 1342 3366 modum
1376 3302 1585 3385 cognoscendi
1611 3303 1807 3387 diligentiam
1836 3304 1892 3367 ad·

280 3405 423 3485 hibeant,
445 3407 472 3469 si
494 3425 530 3468 ea
552 3406 688 3487 quaein
710 3405 873 3488 capitulari
895 3411 1019 3485 nostro,
1041 3406 1124 3488 quod
1149 3407 1194 3469 eis
1216 3425 1299 3469 anno
1312 3407 1477 3489 praeterito
1493 3405 1654 3487 dedimus,
1675 3406 1892 3487 continentur,

279 3509 457 3572 seeundum
477 3508 671 3570 voluntatem
693 3504 751 3570 Dei
773 3527 808 3570 ac
835 3509 1007 3571 iussionem
1035 3516 1174 3571 nostram
1203 3508 1281 3571 fiant
1301 3508 1478 3591 adimpleta.
1518 3506 1631 3590 ltaque
1656 3507 1824 3588 volumus,
1853 3515 1933 3572 uteo

277 3612 382 3674 medio
403 3629 512 3673 mense
534 3608 617 3671 Maio
639 3611 828 3673 conveniant
848 3610 931 3672 idem
953 3612 1058 3688 missi,
1079 3611 1305 3693 unusquisque
1323 3612 1355 3673 in
1376 3630 1434 3673 sua
1452 3611 1622 3694 legatione,
1643 3630 1716 3673 cum
1738 3609 1891 3675 omnibus

278 3714 450 3796 episcopis,
472 3710 652 3787 abbatibus,
673 3710 842 3775 comitibus
865 3731 900 3775 ae
920 3714 1022 3775 vassis
1040 3713 1171 3791 nostris,
1195 3713 1353 3776 advocatis
1371 3714 1486 3776 nostris
1507 3732 1544 3776 ac
1565 3712 1770 3776 vicedominis
1793 3712 1891 3777 abba·

278 3816 424 3878 tissarum
450 3832 574 3876 necnon
600 3819 630 3876 et
657 3832 767 3877 eorum
794 3815 849 3895 qui
881 3821 1005 3897 propter
1030 3814 1171 3897 aliquam
1200 3814 1413 3878 inevitabilem
1446 3816 1663 3878 necessitatem
1689 3815 1750 3899 ipsi
1778 3816 1891 3880 venire

280 3936 343 3980 non
365 3925 513 3999 possunt,
542 3916 581 3978 ad
602 3915 707 3978 locum
729 3936 847 3993 unum,
877 3924 908 3978 et
927 3918 953 3979 si
972 3935 1101 3979 neeesse
1121 3916 1229 3993 fuerit,
1256 3925 1382 4001 propter
1402 3918 1645 4000 oportunitatem
1670 3917 1890 3995 conveniendi,

280 4020 313 4081 in
336 4017 461 4081 duobus
480 4019 530 4081 vel
551 4017 653 4081 tribus
674 4018 764 4084 locis,
786 4017 834 4081 vel
856 4021 997 4081 manime
1018 4025 1144 4102 prepter
1164 4037 1317 4102 pauperes
1328 4019 1452 4103 populi,
1472 4019 1557 4082 idern
1577 4025 1752 4082 conventus
1772 4018 1889 4083 habea·
1901 4045 1932 4085 sa

277 4129 346 4199 tur,
368 4122 423 4203 qui
446 4119 595 4184 omuibus
616 4128 776 4203 congruat
819 4119 859 4183 Et
881 4121 994 4184 habeat
1020 4123 1243 4204 unusquisque
1263 4141 1368 4185 eomes
1387 4123 1521 4184 vicarios
1541 4126 1573 4185 et
1595 4122 1790 4185 centenarios
1812 4141 1889 4186 suos

280 4242 402 4301 seeum,
422 4241 545 4285 necnon
567 4229 598 4284 et
618 4223 657 4285 de
677 4224 786 4305 primis
807 4222 945 4286 scabinis
957 4224 1023 4286 suis
1043 4228 1106 4286 tres
1125 4231 1180 4286 aut
1201 4230 1357 4306 quattuor.
1397 4223 1438 4286 Et
1458 4225 1490 4285 in
1513 4242 1549 4286 ee
1571 4231 1730 4287 conventu
1747 4225 1889 4307 primum

281 4326 483 4388 christianiae
504 4325 664 4407 religionis
685 4332 716 4388 et
738 4324 939 4388 ecclesiastici
961 4325 1080 4389 ordinis
1099 4326 1234 4388 conlatio
1262 4324 1330 4403 fiat3
1360 4325 1472 4388 deinde
1494 4326 1658 4406 inquirant
1676 4325 1767 4388 missi
1788 4328 1890 4389 nostri

278 4427 317 4490 ab
343 4429 514 4498 universis,
544 4426 678 4510 qualiter
699 4428 923 4509 unusquisque
948 4427 1075 4491 illorum
1096 4428 1152 4511 qui
1175 4427 1293 4490 adhoc
1314 4448 1332 4490 a
1352 4427 1444 4491 nobis
1464 4428 1626 4490 constituti
1652 4433 1728 4491 sunt
1746 4426 1889 4492 officium

277 4530 338 4593 sibi
364 4531 569 4593 commissum
592 4528 767 4592 secundum
780 4526 838 4592 Dei
858 4529 1051 4592 voluntatem
1072 4549 1108 4592 ac
1129 4530 1303 4593 iussionem
1325 4535 1464 4592 nostram
1486 4530 1685 4593 administret
1706 4530 1740 4592 in
1760 4531 1931 4614 populare

280 4640 335 4696 eut
357 4652 452 4716 quarn
474 4631 644 4694 concordes
666 4637 760 4714 atque
783 4631 949 4694 unanimes
975 4632 1015 4694 ad
1043 4632 1102 4695 hoe
1129 4633 1206 4711 sint,
1240 4631 1291 4694 vel
1316 4631 1451 4714 qualiter
1478 4632 1618 4695 vicissim
1643 4630 1704 4695 sibi
1730 4632 1888 4697 auxilium

278 4735 381 4798 ferant
401 4734 440 4797 ad
461 4735 635 4797 ministeria
657 4753 715 4796 sua
735 4733 920 4816 peragenda.
962 4733 1004 4796 Et
1023 4740 1087 4797 tam
1108 4734 1274 4817 diligenter
1294 4753 1330 4796 ac
1351 4733 1490 4797 studiose
1510 4734 1592 4797 hanc
1612 4735 1889 4817 investigationem

279 4836 412 4917 faciant,
442 4843 477 4899 ut
498 4855 625 4899 emnem
644 4835 689 4898 rei
711 4836 874 4898 veritatem
894 4853 950 4918 per
970 4855 1023 4899 ees
1043 4854 1232 4917 cognoscere
1250 4835 1421 4898 valeamus.
1467 4834 1508 4898 Et
1527 4837 1554 4899 si
1575 4835 1682 4918 aliqua
1702 4836 1773 4900 talis
1791 4856 1890 4903 causa

279 4939 319 5001 ad
346 4957 457 5003 eorum
487 4939 630 5001 notitiam
659 4936 776 5020 perlata
802 4937 898 5000 fuerit
926 4957 1007 5020 quae
1032 4939 1159 5002 illorum
1188 4937 1308 5001 auxilio
1338 4936 1488 5019 indigeat,
1518 4937 1694 5001 secundum
1721 4938 1890 5021 qualitates

279 5060 448 5104 causarum
472 5041 606 5123 quaein
627 5045 734 5102 nostro
762 5040 927 5123 capitulari
951 5041 1166 5116 continentur,
1193 5046 1269 5102 tunc
1296 5039 1445 5102 velumus
1472 5046 1508 5103 ut
1533 5039 1610 5103 illuc
1634 5047 1766 5123 pergant
1793 5046 1825 5104 et
1845 5061 1932 5106 exta

278 5150 384 5206 nestra
406 5144 589 5206 auctoritate
610 5142 688 5205 illud
709 5144 863 5225 corrigere
884 5141 1039 5206 studeant

379 5247 426 5310 29.
468 5240 518 5305 De
538 5242 694 5306 rebusad
715 5242 919 5306 vadabilem
941 5241 1040 5305 locum
1055 5242 1286 5324 pertinentibus
1305 5262 1368 5306 nou
1389 5241 1578 5306 alienandis.
1626 5243 1722 5308 Nulla
1742 5244 1803 5308 sub
1824 5244 1890 5311 Re-

280 5365 374 5409 mana
395 5346 512 5408 ditione
533 5348 702 5410 constituta
723 5347 853 5409 eeclesia
873 5346 923 5408 vel
940 5346 1190 5409 exenodochium
1211 5346 1260 5409 vel
1280 5346 1552 5430 ptochotrophium
1573 5347 1624 5411 vel
1645 5346 1890 5414 nosochomium

384 5652 412 5729 a)
435 5654 484 5725 qui
495 5655 626 5725 complur.
638 5657 720 5708 codd.
781 5656 811 5727 b)
833 5673 893 5711 eam
907 5656 960 5709 atii
968 5655 1050 5711 cedd.
