4418 6226
758 358 900 415 KAROLl
925 361 1049 417 MAGNI
1073 359 1340 419 CAPITULARIA
1794 359 1852 425 153

347 539 446 603 Breve
465 541 715 603 aerariorutortiuu
737 541 872 602 conanimi
890 542 998 604 turbatis
1018 541 1207 626 quibusdam
1229 541 1275 604 ad
1300 542 1369 605 loca
1394 545 1554 606 ritorstsiuu
1574 542 1614 622 (o.
1630 545 1678 618 lli)
1699 544 1853 628 ablegatis

247 641 366 721 dutum,
387 664 447 725 quo
467 665 584 704 causae
604 641 906 726 coarrpnedeuduntur
926 663 1010 706 anno
1031 645 1186 727 praesenti
1207 645 1246 722 (c.
1258 646 1295 720 4)
1318 647 1454 708 ariardus
1473 645 1693 709 observandae.

1353 745 1405 824 (B.
1422 747 1449 826 1,
1470 748 1546 817 473;
1569 747 1648 827 Ρ.Ι,
1675 751 1751 825 toa.)

346 938 422 1049 Dc
448 984 671 1048 clamatoribus
693 986 747 1067 qni
769 1005 921 1067 magnum
951 985 1213 1067 impedimentum
1239 985 1360 1050 faciunt
1382 989 1415 1050 in
1436 987 1551 1070 palatio
1572 987 1611 1051 ad
1631 1008 1724 1052 aures
1743 989 1852 1053 domni

213 1110 226 1149 a
244 1089 441 1171 imperatoris
451 1089 470 1148 ¹.

345 1192 373 1253 2.
419 1188 479 1252 Ue
502 1190 589 1251 missi
611 1189 678 1251 sire
699 1190 828 1252 comites
849 1188 973 1252 illorum
1002 1191 1117 1252 missos
1138 1192 1353 1253 transmittant
1373 1196 1481 1254 contra
1502 1192 1573 1254 illos
1594 1193 1649 1274 qui
1671 1193 1850 1256 mentiendo

246 1292 397 1369 vadante,
415 1298 452 1354 ut
472 1310 525 1354 eos
549 1291 747 1354 convincant.

345 1395 373 1457 3.
416 1392 460 1456 Ut
480 1400 553 1455 aute
579 1393 732 1455 ricarium
761 1399 791 1455 et
819 1394 1034 1455 centenarium
1066 1392 1104 1455 de
1136 1394 1324 1476 proprietate
1356 1402 1412 1457 aut
1439 1393 1581 1458 libertate
1606 1395 1760 1458 iudicium
1786 1417 1851 1459 non

246 1496 433 1558 terminetur
453 1505 508 1557 aut
528 1495 726 1577 adquiratur,
747 1495 809 1557 nisi
831 1513 953 1577 semper
973 1495 1006 1556 iu
1028 1497 1204 1577 praesentia
1224 1497 1395 1559 missonrm
1412 1496 1621 1578 imperialium
1634 1504 1689 1561 aut
1709 1499 1742 1560 in
1764 1518 1851 1582 prae-

199 1620 225 1658 ro
244 1598 344 1660 sentia
365 1598 526 1659 comitum.

345 1701 372 1762 4.
413 1696 461 1761 De
482 1698 660 1761 homicidiis
681 1698 769 1760 factis
791 1718 873 1761 anno
895 1701 1051 1781 praesenti
1072 1701 1155 1762 inter
1176 1700 1321 1782 vulgares
1347 1701 1505 1778 homines,
1531 1721 1611 1783 quas
1637 1708 1763 1784 propter
1782 1702 1852 1786 pul-

246 1820 351 1864 verem
373 1800 557 1863 mortalemb
579 1808 647 1862 acta
668 1801 771 1863 sunt3.

343 1906 370 1968 ἵ).
413 1903 456 1965 Ut
482 1903 657 1966 sacerdotes
684 1903 876 1965 admoneant
901 1902 1051 1986 populum
1085 1911 1121 1965 ut
1146 1903 1368 1967 aelemosinam
1395 1905 1468 1967 dent
1496 1911 1526 1967 et
1553 1905 1709 1968 orationes
1735 1905 1852 1970 faciant

246 2014 371 2089 propter
391 2005 532 2067 diversas
554 2004 660 2088 plagas
682 2025 762 2088 quas
780 2005 907 2068 assidue
928 2024 984 2087 pro
1005 2006 1139 2087 peccatis
1161 2005 1325 2087 patimurt.

199 2129 224 2167 1⁵
348 2108 376 2170 ti.
421 2107 463 2170 Ut
484 2108 542 2190 ipsi
564 2107 739 2170 sacerdotes
761 2109 984 2189 unusquisque
1005 2108 1181 2171 secuudum
1204 2108 1346 2171 ordinem
1372 2128 1468 2172 suum
1489 2109 1668 2193 praedicare
1688 2117 1718 2171 et
1739 2108 1850 2172 docere

244 2210 367 2272 studeat
387 2208 509 2292 plebem
532 2209 591 2272 sibi
612 2211 821 2272 commissam.

346 2314 371 2375 i.
413 2308 461 2374 De
482 2311 643 2388 ebrietate,
670 2318 706 2374 nt
726 2313 865 2393 primum
886 2311 1030 2373 omnium
1057 2312 1196 2374 seniores
1220 2314 1403 2395 senretipsos
1426 2313 1540 2376 exinde
1563 2318 1718 2376 retentet
1740 2331 1849 2376 eorum

243 2414 384 2476 iuniores
405 2413 585 2495 exemplum
607 2412 708 2475 bonae
729 2411 905 2475 sobrietatis
926 2413 1099 2476 ostendant.

347 2518 374 2579 8.
416 2514 618 2577 Admoneudi
640 2523 714 2577 sunt
736 2533 846 2577 omnes
866 2514 1053 2596 generaliter
1073 2516 1248 2579 secundum
1271 2516 1486 2600 euangelicam
1506 2517 1737 2591 auctoritatem,
1760 2517 1850 2579 utsic

197 2640 223 2676 so
245 2617 373 2680 luceant
392 2636 485 2700 opera
505 2623 610 2679 vestra
630 2636 735 2678 coram
756 2616 951 2695 hominibus
971 2624 1008 2680 ut
1027 2617 1203 2700 glorificent
1221 2624 1342 2701 patrem
1364 2626 1505 2682 vestrum
1527 2621 1582 2702 qui
1603 2621 1636 2681 in
1657 2618 1753 2682 coelis
1773 2625 1828 2682 est.

347 2723 375 2784 9.
418 2718 466 2781 De
487 2719 629 2801 fugitivis
650 2720 706 2801 qui
727 2738 782 2801 per
804 2719 943 2782 diversas
967 2720 1140 2802 provintias
1161 2719 1279 2783 detenti
1300 2727 1330 2782 et
1351 2720 1496 2784 occultati
1518 2728 1626 2784 eontra
1649 2727 1848 2805 praeceptum

248 2823 356 2885 donmi
376 2822 574 2903 imperatoris
595 2826 683 2895 sunt,
704 2829 740 2883 ut
763 2822 818 2903 qui
839 2839 892 2883 eos
912 2829 982 2904 post
996 2822 1200 2905 praeteritum
1213 2828 1339 2905 tempus
1352 2823 1490 2905 suscepit
1503 2828 1558 2885 aut
1570 2823 1684 2886 retinet
1705 2821 1848 2885 bannum

243 2922 437 2985 dominicum
458 2923 652 3005 componat5.

346 3028 391 3089 to.
434 3022 481 3087 De
502 3044 577 3106 pace
598 3030 627 3087 et
648 3026 768 3088 iustitia
790 3024 871 3088 infra
892 3027 1041 3108 patriam,
1062 3027 1145 3089 sicut
1162 3029 1255 3109 saepe
1275 3045 1331 3109 per
1350 3026 1412 3089 alia
1424 3025 1559 3109 capitula
1580 3026 1677 3089 iussic
1698 3024 1848 3108 adimple-

197 3145 223 3183 25
243 3136 311 3190 tum
331 3126 394 3189 fiat.

346 3233 391 3292 11.
434 3228 482 3292 De
504 3229 679 3293 latronibus
703 3231 759 3313 qni
778 3250 924 3313 magnam
941 3229 1057 3293 habent
1070 3228 1312 3313 blasphemiam:
1335 3231 1530 3313 quicumque
1551 3230 1690 3313 aliquem
1710 3247 1750 3293 ex
1771 3230 1848 3312 ipsis

242 3332 539 3414 conpraehenderit,
560 3332 685 3395 nullum
707 3332 880 3416 dampnum
903 3332 1018 3395 exinde
1039 3333 1183 3415 patiatur.

346 3434 391 3497 12.
434 3431 482 3496 Ile
503 3433 690 3507 heribann0.
712 3442 747 3497 ut
769 3434 934 3517 diligenter
954 3435 1118 3517 inquirant
1138 3435 1234 3497 missi.
1276 3431 1338 3508 Qui
1359 3434 1481 3497 hostem
1497 3434 1598 3497 facere
1612 3435 1714 3517 potuit
1732 3439 1764 3496 et
1783 3452 1847 3495 mm

243 3535 333 3614 fecit,
362 3537 468 3618 ipsum
494 3535 637 3598 bannum
665 3545 832 3618 componat
856 3537 883 3599 si
909 3535 1003 3599 habet
1029 3535 1115 3599 unde
1140 3555 1327 3618 componere
1353 3537 1467 3618 possit:
1499 3546 1529 3598 et
1556 3537 1582 3598 si
1612 3554 1675 3597 non
1703 3533 1849 3597 habuerit

195 3656 222 3695 so
245 3637 330 3700 unde
351 3657 540 3720 componere
561 3638 679 3709 valeat,
701 3638 905 3701 rewadiatum
926 3637 981 3700 fiat
1001 3643 1032 3700 et
1043 3636 1255 3700 inbreviatum
1271 3644 1302 3700 et
1318 3636 1394 3699 nihil
1419 3657 1474 3720 pro
1493 3637 1551 3699 hoc
1572 3638 1770 3700 exhactatum
1792 3634 1847 3698 fiat

244 3758 346 3822 usque
368 3739 443 3802 dnm
466 3739 504 3802 ad
525 3740 669 3803 notitiam
690 3739 797 3802 domni
819 3741 1014 3822 imperatoris
1035 3739 1168 3802 venisti.

342 3844 387 3906 13.
429 3841 565 3905 Harisliz
591 3843 646 3924 qui
667 3842 784 3904 factum
808 3841 921 3904 habent
942 3861 997 3925 per
1017 3840 1218 3905 fideiussores
1240 3841 1279 3903 ad
1300 3860 1405 3920 regem
1427 3841 1598 3903 mittantur.

344 3947 389 4008 14.
430 3942 478 4006 De
499 3943 660 4007 beneficiis
682 3945 849 4007 destructis
870 3952 900 4006 et
920 3943 1019 4005 alodis
1039 3943 1249 4021 restauratisl.

343 4047 388 4110 15.
429 4043 477 4108 lle
498 4046 585 4109 freda
606 4045 768 4127 exigenda.

195 4165 222 4204 ³⁵
345 4153 389 4213 ro.
430 4146 478 4211 De
499 4149 649 4212 materia‘l
671 4148 708 4210 ad
731 4167 828 4211 nares
850 4147 1016 4210 faciendas.

344 4250 389 4312 n.
433 4248 481 4313 De
507 4251 630 4334 vulgari
661 4249 791 4333 populo.
818 4258 854 4313 ut
881 4251 1105 4332 unusquisque
1133 4268 1208 4312 suos
1236 4250 1376 4311 iuniores
1400 4247 1579 4330 distringat,
1608 4256 1644 4310 ut
1670 4247 1785 4311 melius
1811 4267 1848 4311 ac

242 4351 357 4414 melius
378 4350 546 4414 oboediant
568 4360 599 4414 et
619 4352 817 4415 consentiant
837 4352 993 4414 mandatis
1014 4357 1045 4414 et
1064 4352 1237 4434 praeceptis
1257 4350 1483 4433 imperialibus

342 4616 368 4684 af¹
391 4617 498 4669 Noram
511 4626 656 4687 capetano
670 4616 903 4687 distinpuuatl.2.
976 4615 1005 4670 bi:
1028 4616 1158 4671 motalem
1169 4616 1192 4669 1.
1202 4614 1226 4668 2.
1300 4614 1325 4681 cf⁴
1349 4615 1479 4669 iussimus
1492 4615 1596 4668 coma.
1677 4614 1704 4668 dx
1721 4615 1847 4669 materia·

242 4698 315 4753 mine
329 4714 400 4750 corr.
410 4697 433 4750 1.

194 4942 222 4979 ⁴⁰
346 4938 372 4989 l‘.
398 4936 458 5003 Cfr.
471 4938 547 5006 iufra
563 4935 678 5006 (blacta
692 4936 799 5007 delaca‘pl.
812 4937 938 5005 Aqurbpr.
952 4936 1025 4989 εἰναι
1033 4934 1099 4995 820,
1113 4955 1136 4988 c.
1144 4935 1168 4988 6.
1221 4934 1250 4995 2⁸)
1275 4933 1334 4998 Cfr.
1352 4932 1419 5003 Cup.
1435 4933 1505 4985 naias.
1515 4931 1582 4997 803,
1596 4950 1620 4985 c.
1629 4931 1675 4985 24.
1724 4932 1753 4993 3⁸³
1775 4933 1846 5002 Apo·

244 5035 322 5087 dard.
346 5037 381 5088 de
391 5038 489 5104 prend.
504 5043 530 5088 et
543 5035 668 5088 tom'huis
682 5052 705 5085 c.
716 5034 767 5087 16:
786 5033 860 5087 Ante
874 5034 925 5087 hos
935 5051 1039 5104 paucos
1053 5051 1139 5087 annos
1152 5032 1329 5087 disseminata
1346 5039 1387 5085 est
1401 5032 1535 5100 quaedam
1553 5030 1679 5098 stultitia,
1698 5049 1760 5085 cum
1776 5037 1848 5085 esset

244 5133 399 5187 mortalitas
419 5134 513 5199 boum,
534 5141 564 5187 nt
584 5133 708 5187 dicerent
720 5131 893 5186 Grimaldum
913 5132 1011 5186 ducem
1025 5130 1245 5184 Beneventorum
1266 5128 1448 5183 transmisisse
1464 5128 1592 5183 homines
1603 5146 1665 5182 cum
1679 5128 1847 5199 pulveribus,

246 5247 315 5299 quos
330 5246 490 5302 spargerent
502 5249 552 5302 per
564 5248 677 5301 campos
690 5239 718 5283 et
729 5236 845 5288 montes.
863 5236 942 5299 prata
960 5236 989 5283 et
1002 5228 1100 5283 fontes.
1201 5226 1230 5291 ll
1252 5225 1399 5280 hamalo
1413 5225 1525 5279 debersis
1543 5243 1608 5278 sans
1621 5225 1714 5296 plagia
1727 5225 1847 5278 Karolua

242 5328 360 5397 affectus
371 5337 423 5382 eat:
438 5329 514 5382 bellis
526 5329 655 5393 aduersis,
663 5328 743 5397 filine
757 5328 947 5380 Haaodtrudrir
957 5335 982 5380 et
993 5325 1172 5397 ,1514than
1182 5333 1275 5389 niorto,
1288 5341 1387 5393 oropus
1396 5340 1448 5394 par
1458 5341 1548 5377 omues
1556 5324 1713 5395 pameneae
1722 5332 1846 5394 praesuta

193 5446 222 5483 aa
240 5427 416 5496 preatileatiu5
429 5428 481 5496 cfr.
497 5427 579 5480 asina.
593 5445 655 5479 aaa.
666 5427 706 5478 ad
720 5424 821 5478 aero.
903 5424 932 5492 5}
956 5424 1023 5494 Cap.
1035 5442 1094 5477 sarm
1108 5423 1206 5494 primia
1216 5420 1435 5490 comitantiae,
1448 5439 1471 5474 c.
1481 5421 1505 5475 6.
1590 5421 1619 5491 6>
1644 5421 1710 5493 Cap.
1725 5423 1797 5474 ruha.
1812 5423 1847 5475 ds

240 5540 326 5577 erere.
336 5544 426 5595 pucina.
436 5524 500 5578 808.
584 5523 612 5576 ll
637 5523 697 5593 Cfr.
713 5524 794 5594 capit.
808 5526 842 5576 de
855 5523 943 5575 carrara
956 5523 1011 5575 dir.
1023 5540 1106 5593 aalma
1119 5520 1186 5591 Cup.
1195 5519 1241 5588 49,
1255 5519 1311 5573 ad.

292 5648 326 5684 m
353 5647 537 5687 carrruaaara
555 5647 572 5684 1.
1594 5625 1629 5677 20
