4380 6248
278 365 348 427 -32'2
990 366 1202 422 llLO'l'llAllll

281 544 468 607 :secundum
490 544 617 627 regulae
638 544 922 607 auctoritatemeos
935 549 1164 607 commoneant
1206 543 1239 609 Si
1259 545 1508 628 ignemntiaest,
1529 561 1585 628 per
1604 543 1738 608 eandem
1760 543 1899 627 regulam

292 645 432 708 docendo
462 647 620 729 corrigant
640 665 710 721 ees3
741 645 768 709 si
795 650 902 708 autern
923 644 1086 708 voluntate
1118 645 1311 729 delinquunt
1335 650 1368 712 et
1386 646 1625 712 emendaverint
1644 665 1701 730 per
1718 664 1829 710 eorum
1849 646 1901 710 ad·

277 747 551 826 admonitionem,
578 747 674 824 bene3
706 748 790 831 qued
817 749 843 810 si
870 747 1043 826 noluerint,
1077 749 1228 812 nuntient
1260 750 1400 833 primum
1431 749 1576 833 episeopo
1603 748 1679 819 leci.
1707 749 1792 813 etsi
1821 748 1899 813 ultra

288 850 459 913 necessitas
476 850 587 930 fuerit,
608 850 758 913 nuntient
780 849 927 930 synodali
950 850 1130 913 conventui.

388 954 415 1015 3.
458 951 491 1015 Si
513 971 587 1015 vero
609 953 732 1035 questio
762 952 870 1035 aliqua
896 951 992 1015 fuerit
1020 952 1059 1015 de
1079 951 1208 1035 regulae
1235 952 1389 1037 capitulo,
1418 960 1450 1016 et
1477 973 1542 1016 nen
1569 954 1731 1037 petierint
1758 953 1842 1017 inter
1867 972 1933 1017 aaa

288 1052 431 1132 definire,
460 1054 609 1118 nuntient
630 1054 768 1134 synode,
797 1059 828 1117 et
854 1053 898 1116 ibi
920 1055 1106 1118 auctoritate
1127 1055 1347 1138 episcoporum
1367 1055 1486 1119 sacrior
1505 1054 1695 1119 decernatur
1714 1074 1845 1127 sensum
1869 1062 1899 1119 et

286 1155 426 1239 pervim
448 1156 527 1218 nihil
547 1174 639 1239 agere
661 1157 716 1239 qui
737 1157 856 1219 missus
877 1161 926 1219 est
945 1162 1148 1240 presummat.

387 1259 414 1319 4.
456 1255 711 1321 consuetudines
732 1265 839 1321 autem
860 1255 937 1320 ubib
958 1258 1087 1322 invente
1108 1257 1227 1321 inerint
1248 1259 1361 1339 noxia,
1381 1264 1412 1323 et
1432 1259 1509 1339 hoc,
1531 1264 1685 1343 utsupra
1705 1259 1827 1323 dictum
1845 1270 1898 1335 est,

287 1359 445 1422 nuntient.

386 1514 416 1583 b)
436 1515 475 1567 ltu
484 1516 599 1567 cernuam
609 1516 686 1568 Perta
691 1535 701 1583 ,¹
718 1515 771 1568 nisi
781 1535 803 1567 c.
1908 1520 1929 1557 ro

576 2040 665 2144 iel.
707 2035 1212 2147 consuluere
1256 2037 1608 2147 ROMANA.

930 2211 1005 2288 824
1023 2236 1064 2285 in.
1079 2215 1252 2286 novembr.

393 2350 559 2431 Praem-
585 2367 618 2429 n
647 2365 808 2430 wamma
879 2368 908 2444 1)
934 2365 1083 2431 camelo
1102 2366 1139 2429 a
1153 2367 1212 2430 JV.
1228 2368 1275 2432 75.
1300 2367 1421 2448 foere
1482 2370 1513 2446 a)
1536 2367 1734 2433 calmae.
1757 2366 1816 2451 soa
1830 2368 1894 2447 an,

280 2477 358 2558 (cfr.
380 2473 447 2538 ced.
469 2473 548 2558 cla'pl.
573 2472 724 2537 Caecitate
744 2473 823 2554 IVb,
844 2496 922 2559 paq.
936 2473 991 2553 59)
1016 2474 1108 2536 cerame
1128 2473 1248 2537 codicia
1271 2476 1304 2537 zia
1330 2474 1387 2538 laec
1408 2474 1597 2560 capitalem,
1625 2473 1767 2559 capitulo
1791 2473 1894 2537 altimo

280 2579 408 2658 enimse,
431 2577 509 2655 finire
529 2588 592 2653 est,·
632 2573 666 2659 3)
692 2575 853 2659 Guelferb.
869 2576 950 2639 inter
963 2574 1201 2660 Blonlceabnrq.
1220 2577 1340 2642 1305?
1357 2575 1416 2658 fel.
1431 2579 1497 2642 118.
1543 2575 1694 2660 captata
1712 2575 1924 2656 fcrcmnnairu

287 2681 484 2743 transibunt
502 2679 537 2740 in
558 2677 674 2741 libiam
694 2677 899 2761 Papaenaem,
920 2679 954 2740 a‘n
975 2675 1153 2740 cardinale
1173 2676 1352 2741 Deamdede‘t
1372 2679 1449 2763 (qui
1463 2702 1543 2743 umas
1561 2690 1609 2743 eat
1627 2677 1734 2743 codice
1750 2678 1894 2742 Vaticano

278 2783 374 2847 3833.
400 2780 458 2863 fol.
471 2782 512 2846 49
519 2779 571 2858 B.)
592 2779 800 2843 collectionem
815 2778 941 2843 anomale
951 2778 1115 2843 nodamine
1126 2778 1328 2863 compilatam
1346 2791 1376 2843 et
1384 2781 1420 2843 in
1430 2779 1516 2844 cleiis
1527 2802 1681 2844 cenenum
1690 2779 1894 2857 collacum,-

279 2882 344 2946 aecl
363 2905 519 2945 canonum
539 2880 715 2944 collectores
738 2892 855 2944 emtum
875 2904 971 2965 saepe
990 2891 1191 2944 metaverant
1210 2893 1239 2943 et
1258 2880 1491 2945 mutilaverant.

391 2982 590 3066 Cepltulcrta
614 2985 647 3045 eia
674 2982 837 3046 coelicolas
857 2984 1023 3067 inscriptae
1044 2995 1108 3046 eat:
1136 2981 1303 3066 ‘Kapitula
1325 2982 1416 3063 (Item
1438 2983 1500 3047 aliu
1519 3004 1585 3068 cap.
1597 2986 1629 3061 3)
1655 2984 1740 3067 quod
1762 2984 1893 3048 domnus

285 3085 473 3150 Hlotharius
494 3086 664 3168 imperator
690 3091 830 3167 tompore
850 3084 988 3167 Eugenii
1014 3103 1093 3168 pape
1117 3085 1255 3148 instituit
1275 3085 1314 3148 ad
1335 3085 1447 3148 limina
1466 3085 1635 3164 (liminaria
1655 3087 1688 3153 2)
1709 3085 1794 3150 beati
1814 3085 1921 3151 Poura

281 3188 419 3271 apostoli
441 3187 481 3265 tb.
502 3186 587 3250 Petri
613 3205 706 3249 secus
733 3185 812 3248 urbe
832 3185 934 3249 Roma
957 3184 1013 3263 1)’;
1042 3185 1190 3249 similiter
1214 3188 1246 3248 in
1269 3185 1334 3249 cod
1358 3187 1458 3251 Vatia.
1471 3189 1553 3253 3833
1578 3199 1608 3252 at
1632 3186 1713 3251 labri
1729 3187 1893 3273 Pupieno

280 3289 446 3354 cedr'cabna
468 3288 687 3352 cmwtz'tuiabm'
703 3289 896 3351 anacm'ba'tnr.

387 3391 440 3456 Ilm
461 3389 632 3454 anmala'bm
644 3389 809 3453 Einharda'
826 3389 921 3454 da'ctir
940 3390 979 3454 ala
999 3390 1095 3453 leiim
1115 3388 1308 3474 capiamini
1327 3390 1447 3476 emyt‘na
1466 3389 1543 3454 laec
1559 3392 1593 3454 in
1613 3392 1794 3455 maneriam
1814 3414 1892 3456 rere

280 3520 359 3558 aare
379 3495 514 3563 annalia
536 3492 582 3554 ad
600 3516 674 3555 iana.
689 3494 763 3558 823:
787 3492 996 3556 ‘Nunoiatum
1010 3498 1058 3556 est
1077 3493 1188 3570 etiam,
1207 3491 1407 3556 Theodorum
1429 3498 1556 3557 sanotae
1566 3491 1729 3557 Romanae
1749 3492 1892 3559 ecclenae

284 3596 500 3681 primicerium
525 3600 556 3658 et
577 3593 715 3658 leonem
738 3594 1006 3659 nomenclatorem
1027 3613 1181 3677 generum
1208 3595 1278 3658 eius
1300 3595 1335 3658 in
1355 3595 1542 3678 patriarchio
1563 3592 1777 3660 lateranense
1797 3596 1921 3679 primore

281 3704 467 3762 excaecatos
489 3717 525 3760 ac
546 3697 659 3760 deinde
679 3696 779 3760 fuisse
799 3697 984 3773 decollatos,
1003 3702 1035 3760 et
1055 3696 1114 3759 hec
1133 3695 1229 3759 eisob
1252 3696 1312 3760 hoc
1325 3697 1510 3780 contigisse,
1531 3696 1616 3780 qued
1639 3715 1674 3761 se
1694 3697 1727 3760 in
1748 3694 1892 3761 omnibus

282 3799 419 3864 fideliter
445 3818 520 3882 erga
547 3805 650 3882 partes
671 3798 829 3862 Hlotharii
859 3800 985 3862 iuvenis
1012 3798 1210 3881 imperatoris
1238 3806 1382 3882 agerent,
1408 3806 1498 3862 erant
1523 3806 1555 3862 et
1580 3800 1634 3882 qui
1664 3798 1822 3880 dicerent,
1847 3796 1893 3861 rel

286 3903 376 3965 iussu
396 3900 447 3964 vel
467 3901 598 3964 consilio
620 3900 782 3965 Paschalis
804 3899 962 3984 pontificis
990 3919 1056 3963 rem
1077 3900 1177 3965 fuisse
1203 3900 1431 3984 perpetratam?
1476 3900 1600 3965 Deinde
1621 3900 1668 3964 ad
1686 3925 1809 3966 annum
1823 3903 1891 3967 eat:

285 4003 473 4079 (‘Pascha]is
494 4003 646 4087 pontifex)
669 4004 733 4066 vita
755 4003 895 4066 decessit.
945 4001 983 4064 In
1010 4003 1104 4065 cuius
1124 4001 1229 4065 lecum
1258 4023 1333 4066 cum
1361 4003 1425 4066 due
1452 4022 1509 4087 per
1535 4004 1770 4068 contentionem
1791 4002 1892 4088 pepuli

285 4107 421 4170 fuissent
441 4105 544 4184 electi,
565 4105 732 4187 Eugenius
753 4112 858 4168 tamen
870 4153 876 4165 .
888 4151 912 4165 ..
934 4105 1080 4167 vincente
1101 4104 1257 4167 nobilium
1279 4110 1367 4189 parte
1381 4156 1387 4167 .
1401 4153 1427 4166 ..
1448 4105 1612 4169 ordinatus
1631 4111 1689 4169 est
1732 4104 1834 4170 Citius
1850 4105 1922 4168 reia

285 4208 436 4271 nuntium
464 4226 537 4269 cum
562 4205 716 4281 Quirinus
745 4206 1015 4270 subdiaconus...
1045 4206 1084 4269 ad
1114 4206 1335 4288 imperatorem
1360 4206 1537 4284 detulisset,
1564 4207 1632 4290 ipse
1655 4215 1818 4271 conventu
1837 4208 1893 4270 cir·

280 4311 363 4374 citer
377 4308 465 4371 VIII.
494 4307 653 4371 Kalendas
679 4307 737 4371 Iul.
770 4309 974 4391 pronuntiate
1009 4316 1104 4390 atque
1136 4306 1330 4391 Compendie
1361 4306 1487 4371 habito.
1505 4356 1534 4371 ..
1559 4307 1765 4373 Hletharium
1795 4308 1892 4373 lilium

283 4413 410 4496 imperii
431 4411 553 4474 socium
577 4409 710 4472 Romam
733 4410 857 4473 mittere
878 4409 1031 4485 decrevit,
1057 4416 1094 4472 ut
1114 4409 1183 4472 vice
1205 4428 1263 4472 sua
1283 4409 1414 4473 functus
1435 4430 1473 4474 ea
1494 4429 1576 4493 quae
1597 4429 1704 4474 rerum
1727 4412 1894 4475 necessitas

284 4515 426 4598 flagitare
447 4512 615 4576 videbator
636 4531 709 4574 cnm
732 4531 815 4573 nove
836 4511 984 4594 pontifice
1004 4511 1186 4595 populoque
1207 4509 1351 4575 Romano
1382 4515 1532 4576 statueret
1552 4518 1648 4595 atque
1667 4511 1817 4577 firmaret
1856 4510 1895 4575 Et

285 4616 338 4679 ille
358 4615 488 4700 quidem
516 4614 553 4676 ad
581 4614 659 4677 haec
680 4616 885 4696 exsequenda
908 4613 1140 4695 postmodium
1163 4613 1349 4696 Augustum
1377 4615 1409 4676 in
1430 4612 1555 4677 ltaliam
1581 4614 1742 4699 proiectus
1761 4628 1809 4679 est
1823 4638 1927 4677 ..ms

286 4717 473 4781 Hlotharius
501 4735 632 4778 vero...
653 4713 788 4777 Romam
816 4715 973 4797 prefectus
1004 4713 1043 4776 ab
1065 4713 1210 4797 Ragonio
1236 4714 1384 4797 pontifice
1412 4715 1583 4780 honorilice
1610 4718 1792 4801 suscipitur.
1838 4716 1894 4780 Oui

285 4840 360 4882 cum
381 4820 525 4882 iniuncta
546 4817 605 4880 sibi
627 4816 828 4900 patefaceret,
850 4820 967 4880 statum
989 4816 1098 4899 pepuli
1120 4815 1257 4880 Romani
1279 4816 1468 4880 iamdudum
1491 4817 1693 4901 quorundam
1713 4818 1894 4903 praesulum

287 4921 491 5003 perversitate
513 4919 734 5002 depravatum,
755 4919 919 4981 memorati
941 4918 1100 5001 pontificis
1122 4918 1268 4983 benivola
1289 4919 1476 4983 adsensione
1497 4921 1541 4983 ita
1557 4920 1708 4994 correxit,
1731 4926 1769 4984 ut
1788 4938 1896 4984 omnes

285 5025 342 5106 qui
363 5043 471 5087 rerum
493 5043 624 5086 suarum
653 5023 828 5104 direptione
847 5023 986 5105 graviter
1004 5021 1131 5084 fueraut
1156 5020 1288 5084 desolati
1317 5020 1356 5084 de
1376 5022 1553 5105 receptione
1579 5021 1737 5086 bonorum
1765 5042 1894 5087 suerum

285 5144 368 5207 qliae
388 5145 443 5208 per
465 5125 551 5188 illins
572 5125 745 5189 adventum
765 5122 833 5187 Deo
861 5123 998 5187 donante
1025 5129 1224 5207 prevenerat,
1256 5121 1423 5205 magnifice
1451 5125 1516 5187 sint
1540 5124 1714 5188 consolati.'
1769 5126 1930 5189 Acclama

282 5227 433 5293 ‹rnm’825
458 5226 645 5290 llleelrem‘na
667 5250 707 5287 aa
726 5226 825 5288 ltelaiz
847 5225 880 5287 in
902 5225 1075 5287 licaoniam
1094 5248 1258 5310 repressam
1278 5237 1332 5288 est.

387 5330 428 5391 ln
455 5328 511 5392 laec
536 5329 635 5413 a'pa'tnr
662 5329 773 5391 allicere
798 5350 929 5411 sequens
955 5325 1133 5406 Hlotlterai',
1161 5349 1250 5410 quern
1276 5350 1381 5391 manse
1406 5328 1580 5392 Novembri
1600 5328 1685 5391 anni
1697 5330 1761 5395 824
1779 5328 1894 5394 &mae

284 5431 417 5495 arcessam
430 5430 463 5494 S.
478 5429 617 5492 Martini
633 5429 790 5494 celebrare
810 5441 840 5492 et
860 5427 1045 5491 matinanta
1066 5426 1144 5491 darre
1165 5427 1317 5510 videmus,
1338 5430 1518 5493 nonenim
1531 5430 1656 5515 ample
1674 5442 1736 5512 eat,
1751 5430 1892 5517 serim

285 5545 322 5595 ut
336 5530 465 5617 publice
486 5532 554 5595 eries
568 5544 742 5617 prrccccpta
769 5531 938 5595 recitentur
964 5542 994 5594 ct
1020 5528 1233 5615 explicarem,
1259 5530 1345 5616 quaed
1367 5531 1521 5615 ccapaltlr
1534 5532 1643 5617 pniiaa’
1661 5532 1728 5615 flate
1745 5543 1779 5599 d
1793 5530 1892 5619 ῌ

280 5657 365 5700 nece
384 5632 593 5720 cellapendwn
613 5633 746 5698 namma.
