4380 6248
657 370 830 428 ANSEGISI
852 371 1016 427 ABBATIS
1037 371 1331 430 CAPiTL'LARIUM
1353 373 1572 430 COLLECTIO.
1859 374 1919 437 383

309 547 547 612 Fontancllense
567 547 695 610 accessit
715 546 818 627 ibique
837 550 1000 610 muneram
1027 546 1140 626 capitis
1164 548 1289 628 meunt.
1339 548 1420 612 Mau
1440 549 1533 611 ctiam
1559 549 1602 612 ad
1622 550 1764 613 menobia
1784 551 1920 631 rependo

310 656 434 714 cccmus
456 655 514 726 est‚·
539 669 617 712 nam
637 670 658 711 a
681 647 802 712 Karoia
823 668 892 728 repe
911 649 974 728 ipsi
994 648 1156 711 ccmrreissa
1175 655 1253 712 sunt
1272 650 1412 713 coereobia
1434 651 1512 726 dico,
1535 671 1637 713 uniun
1657 650 1687 715 S.
1710 651 1802 727 saei,
1824 672 1921 733 prope

308 751 590 816 murosRcmenses
608 755 744 832 pesitum
764 754 792 813 et
812 748 1157 815 atteruneinterritorio
1170 751 1372 816 catalaunici
1391 753 1488 815 castri
1503 753 1607 816 situur.
1652 754 1773 834 Quibus
1792 755 1921 818 desertis

309 876 394 919 aureo
406 858 465 922 801
487 854 710 918 monasterium
731 853 940 918 Flauiacense
966 853 999 915 in
1020 873 1101 933 papo
1122 852 1337 917 iicliovacensi
1362 854 1458 917 sittim
1479 855 1616 934 precarii
1636 877 1674 917 ac
1691 856 1830 936 beneficii
1851 858 1920 920 iure

273 984 285 1022 s
309 956 462 1022 alsa-rulo
480 956 593 1037 reecpit
613 976 713 1037 eoque,
734 955 818 1036 quod
837 958 987 1019 uetustate
1005 958 1073 1036 tere
1093 959 1310 1036 corisumptum
1330 960 1406 1033 erat,
1429 956 1582 1036 elepantcr
1603 961 1780 1021 restaurato
1798 963 1921 1022 macter

308 1080 435 1141 opertum
455 1059 610 1140 nuntium
631 1057 667 1122 in
687 1057 887 1138 Aquisprani
905 1056 1025 1138 palatio
1044 1058 1128 1138 repio
1154 1057 1212 1122 sub
1233 1057 1400 1122 Einbardo
1420 1058 1528 1122 abbate
1547 1060 1586 1123 ab
1607 1059 1790 1139 inmantare
1809 1061 1920 1124 wasti-

308 1167 396 1226 tutus
415 1166 466 1225 est.
515 1159 567 1227 Uti
587 1164 681 1223 antea
706 1160 742 1222 in
767 1160 953 1223 manasterio
973 1158 1179 1222 Flauiaeensi
1204 1160 1443 1241 sapaeissimum
1469 1161 1502 1223 in
1528 1160 1575 1223 rei
1593 1161 1731 1224 rusticae
1747 1163 1920 1243 maeeeptis

308 1285 339 1327 se
360 1263 555 1340 exhibuerat,
582 1262 629 1325 e'ta
646 1260 828 1342 palatinum
848 1282 969 1343 qumque
988 1263 1130 1342 osticium
1153 1261 1343 1326 nobilissime
1362 1262 1598 1326 administrauit
1617 1268 1712 1345 atquc
1740 1264 1774 1327 in
1800 1266 1920 1328 mendis

308 1367 452 1447 operibus
470 1365 655 1446 pncderdem
674 1384 706 1426 se
724 1364 889 1444 praestitit.
934 1362 1092 1427 Plurimis
1111 1365 1205 1427 etiem
1232 1364 1437 1445 lepatiouibus
1457 1363 1574 1428 Karoli
1593 1364 1686 1428 iussu
1706 1367 1920 1430 strenuissime

274 1492 296 1528 u
309 1470 439 1548 tundus
468 1473 519 1532 est.
569 1465 637 1530 Nee
667 1465 776 1529 minus
799 1466 990 1547 Anscpisum
1016 1466 1228 1530 Hladewieus
1261 1467 1428 1547 imperator·
1464 1466 1642 1543 laceravit,
1674 1468 1732 1549 qui
1760 1489 1846 1532 aurio
1860 1472 1919 1535 317

311 1571 502 1646 inmanium,
529 1568 751 1633 monasterium
772 1568 807 1631 iu
828 1568 956 1631 dioecesi
981 1569 1148 1632 Vesontina
1168 1569 1280 1645 situm,
1308 1569 1372 1650 ipsi
1399 1569 1538 1648 beneficii
1568 1569 1638 1632 iure
1664 1570 1809 1647 contulit,
1836 1592 1921 1635 anno

308 1692 377 1736 cero
389 1675 449 1739 323
473 1692 577 1735 meuse
597 1669 706 1751 Aprili
728 1669 979 1734 Fontanellensis
1000 1669 1046 1746 (S.
1067 1669 1244 1734 Weuernle
1269 1671 1305 1733 iu
1330 1671 1458 1735 dioecesi
1479 1669 1714 1751 Rotemapensi)
1739 1672 1921 1736 monasterii

307 1775 347 1838 ab
367 1773 534 1837 Einbardo
559 1773 667 1838 abbate
693 1772 776 1836 ultro
805 1794 837 1836 co
864 1793 950 1836 euno
976 1771 1114 1835 derelicti
1138 1773 1278 1836 abbatem
1303 1794 1374 1837 eum
1394 1774 1560 1837 constituit.
1610 1773 1699 1854 Quod
1725 1778 1789 1837 tam
1817 1774 1921 1839 solerti

307 1877 411 1940 studio
431 1896 614 1957 summaque
640 1875 801 1939 industria
827 1873 1016 1950 nobilitavit,
1044 1878 1081 1937 ut
1109 1895 1207 1937 riorus
1231 1874 1483 1956 li'andrepisilus
1505 1876 1655 1957 (coenobii
1674 1876 1748 1940 olim
1768 1878 1922 1951 eonditor)

271 2004 296 2042 η
310 1979 343 2040 in
365 1978 511 2042 abbatum
529 1978 623 2059 pestis
642 1976 709 2040 illis
729 1978 871 2040 dicatur:
896 1977 1044 2057 aedificia
1064 1978 1245 2041 mutasterii
1264 1976 1312 2041 uel
1331 1979 1450 2041 nouiter
1469 1979 1644 2042 construxit
1663 1977 1711 2042 uel
1730 1979 1844 2043 nmiori
1864 1979 1921 2043 eie-

307 2080 419 2160 pantia
440 2080 609 2160 reparant,
631 2080 747 2142 cleram
757 2080 858 2157 aucit,
880 2079 976 2143 uitam
986 2078 1161 2161 repellerem
1171 2080 1342 2142 seeundum
1354 2078 1385 2143 S.
1398 2079 1563 2143 Benedicti
1576 2101 1718 2144 nornwm
1729 2082 1919 2161 reformauit.

311 2183 370 2246 Sed
382 2181 560 2246 Hludowici
580 2182 673 2245 etiam
693 2181 785 2244 iussu
799 2179 1004 2262 lepationibns
1019 2185 1151 2263 pinctus
1171 2186 1230 2244 est:
1252 2182 1297 2244 ita
1317 2184 1474 2248 armabit]
1493 2203 1565 2245 uim
1588 2182 1721 2246 Heitenc
1741 2182 1921 2246 Basileensi

310 2288 447 2367 episeopo
458 2289 486 2348 et
499 2284 637 2349 Geraldo
646 2284 752 2348 comite
761 2283 798 2346 in
810 2283 965 2364 Spoletum
975 2285 1092 2347 missus
1111 2287 1243 2363 apparet
1254 2281 1396 2363 (ilcpesto
1416 2283 1450 2345 di
1463 2283 1571 2364 Facta
1587 2284 1632 2361 II,
1645 2288 1714 2352 204.
1736 2306 1823 2348 num.
1837 2287 1919 2365 nob),

309 2393 337 2451 et
358 2386 610 2453 Fontandlensis
629 2387 761 2467 scriptor
788 2407 856 2450 cam
884 2386 1066 2467 lepaliouem
1092 2385 1241 2448 neemerio
1267 2384 1403 2447 manime
1427 2384 1556 2465 dipnam
1583 2391 1810 2463 cornmemorat,
1838 2407 1920 2468 quae

269 2516 296 2550 »ο
311 2489 487 2554 iilndmoici
511 2492 643 2569 tempore
664 2489 811 2569 partibus
836 2509 961 2551 marcae
982 2486 1178 2568 ffnpauicae
1200 2487 1352 2549 aduusus
1381 2486 1604 2550 Gautselinum
1630 2489 1784 2552 antodem
1811 2488 1921 2553 limitis

309 2593 398 2656 illius
417 2592 569 2656 celebrata
589 2594 641 2654 est.
686 2590 854 2672 Pastum
880 2611 937 2671 per
965 2588 1041 2671 plus
1062 2610 1160 2670 quiam
1181 2589 1283 2652 decem
1311 2608 1413 2653 annos
1439 2589 1620 2652 nonasterii
1648 2590 1783 2670 repimen
1810 2591 1919 2668 tenuit,

307 2694 443 2759 subitam
469 2697 595 2758 medem
622 2693 763 2757 occubuit
790 2693 841 2756 die
864 2697 912 2759 20.
938 2692 1054 2755 mensis
1080 2690 1159 2754 Iulii
1185 2711 1271 2755 anna
1285 2694 1347 2757 333
1374 2690 1612 2772 eodemquedie
1642 2697 1732 2757 cetra
1759 2691 1920 2755 basilicam

309 2796 339 2860 S.
364 2795 450 2860 Petri
469 2796 505 2859 in
522 2796 662 2877 partiar,
693 2794 727 2857 in
745 2815 811 2876 qua
831 2796 949 2875 fratres
968 2798 1136 2858 conuentus
1154 2795 1259 2874 faeere
1283 2792 1433 2868 solebant,
1459 2793 1636 2857 tumulatus
1661 2799 1713 2886 est.
1764 2794 1921 2859 Maximis

308 2898 457 2962 nucum
476 2903 541 2961 tam
561 2899 657 2961 uitam
677 2917 774 2979 qrmm
787 2897 950 2978 inpenium
968 2901 997 2960 et
1015 2897 1109 2976 fidem
1125 2896 1193 2959 eius
1207 2895 1371 2976 praaticat
1389 2895 1640 2960 Furtuncllensis
1659 2900 1776 2972 auctor,
1800 2895 1921 2959 eleono-

270 3020 406 3081 nsynas
426 3004 453 3063 et
473 3001 557 3064 dona
573 3000 717 3081 plurima
738 3003 803 3062 tarn
825 2999 1016 3063 Imaooiensi
1036 3003 1065 3062 et
1086 2996 1321 3062 Fontancllensi
1346 3018 1443 3078 quam
1471 2997 1547 3061 aliis
1572 3000 1667 3062 etiam
1686 2997 1795 3062 mubi's
1814 3019 1921 3063 mana·

308 3101 412 3165 stertis
431 3102 510 3165 data
529 3106 700 3178 enumerat,
724 3101 873 3166 libranum
894 3101 986 3164 etiam
1006 3100 1127 3181 copiam
1147 3099 1345 3163 mmmstcriis
1364 3099 1553 3164 traditorum
1574 3105 1721 3177 recenset,
1743 3101 1825 3164 inter
1845 3120 1921 3181 quos

310 3203 384 3268 libri
402 3205 528 3286 quidem
548 3225 705 3269 canonum
724 3224 788 3268 nen
809 3207 913 3266 autem
939 3223 1046 3283 repum
1066 3201 1265 3266 Francorum
1293 3200 1487 3281 capitularia
1510 3202 1726 3266 nominantur.
1772 3200 1919 3266 Attamen

307 3306 392 3369 bunc
410 3305 554 3371 celebrem
575 3305 844 3371 Fcntcmellcnsem
864 3304 1002 3369 abbatem
1023 3326 1086 3367 esse
1100 3304 1291 3385 Ansepisum
1312 3303 1451 3368 abbatem
1470 3304 1527 3385 qui
1547 3303 1741 3385 capitularia
1760 3303 1920 3385 eoilcpuit,

307 3412 465 3488 procerte
490 3408 667 3472 babendum
693 3408 831 3484 uidetur,
860 3407 971 3471 etbac
995 3410 1119 3469 tuntum
1147 3405 1312 3470 saluatoris
1339 3407 1524 3471 auctoritate
1551 3407 1681 3471 ditatum
1699 3406 1920 3471 Hludouiimcm

269 3510 523 3591 scimperaterem
545 3510 608 3572 iam
630 3509 703 3572 inde
721 3510 761 3573 ab
783 3529 868 3572 anno
881 3514 941 3576 820
966 3508 1194 3589 capitula-rium
1211 3508 1413 3572 collectionem
1439 3513 1600 3590 tamquam
1624 3530 1717 3572 suam
1742 3512 1771 3572 et
1789 3507 1920 3571 autbue·

309 3613 402 3675 ticam
422 3611 561 3693 allepare
579 3612 797 3693 capnoscimus.

409 3714 558 3795 Anscpisi
578 3713 791 3777 consitium
812 3733 874 3794 quo
893 3712 1034 3792 capitula
1054 3712 1214 3793 collcperit,
1234 3713 1285 3776 bis
1303 3712 1513 3793 praelationis
1538 3712 1637 3776 uerbis
1656 3716 1799 3775 enranat:
1819 3710 1919 3791 ‘Quia

310 3817 345 3879 in
366 3816 499 3880 dianus
518 3815 654 3896 sparsim
683 3816 801 3896 scripta
829 3814 1053 3878 membranulis
1076 3836 1134 3894 per
1159 3815 1353 3879 diuersorum
1379 3814 1484 3895 spatia
1509 3817 1680 3893 temporum
1706 3817 1853 3895 tument,
1881 3834 1921 3877 ne

309 3917 454 3982 obliuioni
481 3917 697 3992 traderentur,
730 3937 789 3997 pro
824 3915 985 3980 dilectione
1017 3916 1118 3979 nimia
1145 3916 1439 3996 ploriosissimcncm
1461 3915 1645 3996 principum
1681 3920 1709 3979 ct
1733 3936 1794 3996 pro
1817 3934 1922 3979 amorc

271 4019 524 4085 usanetissimac
540 4018 642 4104 protis
663 4038 781 4095 earum,
807 4019 860 4082 scd
884 4023 987 4099 cipro
1013 4023 1140 4082 sanctae
1165 4018 1308 4081 eeclesiae
1328 4023 1413 4082 statu
1439 4017 1562 4098 pluant
1585 4017 1663 4080 mibi
1688 4018 1724 4081 in
1748 4017 1803 4081 boc
1823 4015 1922 4081 libello

310 4120 543 4202 adunaremiae
550 4121 691 4184 invenire
696 4123 787 4201 potui
796 4121 938 4201 capitula
946 4121 1177 4201 praedictorum
1182 4121 1365 4202 principmm
1377 4121 1468 4184 iussu
1476 4120 1650 4200 descripta'
1673 4117 1921 4200 Capitularia

309 4226 413 4287 auum
432 4242 514 4304 puae
534 4222 568 4286 in
589 4223 644 4287 boc
663 4223 741 4287 libro
761 4225 914 4287 recensuit
933 4224 1009 4287 baec
1028 4228 1119 4287 stent:

411 4431 441 4507 l)
463 4429 645 4494 Admonitio
664 4427 900 4508 peneralislbn
920 4429 1042 4492 omissis
1062 4448 1150 4508 capp.
1162 4432 1209 4495 30.
1221 4433 1268 4496 n).

268 4552 297 4592 eo
408 4534 441 4609 2)
466 4530 651 4612 Capitubire
671 4528 789 4610 lapibus
809 4531 954 4594 aclditum
967 4536 1035 4598 803.

408 4631 442 4718 3)
465 4632 650 4714 Capittdare
668 4634 835 4696 missenum
849 4638 917 4714 803,
937 4635 1060 4697 omissis
1080 4656 1168 4715 capp.
1187 4637 1232 4700 1-1.
1250 4637 1355 4701 1310.

409 4739 442 4802 4)
466 4733 651 4815 Capitulum
671 4732 730 4815 lepi
751 4733 928 4798 Ribuariac
949 4735 1095 4797 additum
1104 4741 1174 4811 803,
1195 4756 1284 4815 capp.
1297 4735 1386 4801 b-i.
1408 4733 1531 4797 omissis
1550 4733 1650 4813 ipilur
1669 4754 1693 4795 c.
1711 4736 1796 4797 1—4.
1812 4734 1919 4799 8-12.

408 4840 441 4913 b)
461 4841 490 4900 u
509 4841 540 4908 0)
562 4834 691 4916 Dapuc
712 4835 889 4916 capitulare
909 4837 1073 4901 missorum
1098 4839 1130 4899 in
1155 4836 1330 4900 Tbeodenis
1351 4833 1428 4898 uilla
1448 4834 1558 4898 wum
1571 4838 1632 4901 305
1653 4837 1790 4898 acuente.

411 4941 441 5015 l)
465 4937 649 5019 Cumtularc
669 4939 835 5003 missorum
856 4937 1037 5019 Niuunepae
1057 4940 1167 5002 datum
1180 4942 1240 5005 nn
1260 4959 1299 5001 m.
1327 4936 1457 5013 Martio,
1478 4935 1601 5000 omissis
1621 4956 1645 4997 e.
1660 4938 1687 5000 2.
1702 4939 1746 5001 10.

409 5045 440 5114 8)
464 5039 613 5121 Capitula
634 5045 777 5121 exempta
797 5042 836 5104 de
855 5044 1045 5108 canmiebttb
1062 5040 1109 5103 cel
1125 5040 1217 5120 post?
1236 5040 1347 5103 emisse
1367 5062 1391 5101 e.
1405 5046 1431 5102 2.

410 5147 442 5220 0)
466 5141 651 5223 Capitulare
670 5143 1006 5224 Aquisprauensebttt.

394 5250 442 5321 10)
466 5243 650 5325 Capitulum
659 5245 827 5308 missorum
838 5245 1096 5325 Aquispraneuse
1104 5244 1243 5324 privinum
1255 5245 1324 5317 800,
1344 5264 1368 5303 c.
1383 5246 1469 5319 1-0,
1488 5241 1611 5305 omissis
1621 5241 1721 5322 ipitur
1729 5260 1755 5303 o.
1769 5243 1807 5308 10
1845 5242 1893 5306 20.

392 5351 441 5423 11)
464 5345 649 5428 (opitulare
679 5348 845 5410 missenum
876 5346 1133 5426 Aqrcisprenense
1167 5345 1339 5409 seeundum
1359 5349 1432 5421 300,
1469 5366 1494 5406 c.
1515 5348 1631 5423 1012,
1667 5342 1790 5407 mainis
1821 5341 1921 5422 ipitm

511 5471 536 5512 e.
550 5453 635 5515 1-0.
649 5452 695 5515 13.

254 5525 263 5539 .
393 5555 442 5625 12)
467 5550 652 5634 Capitulum
670 5551 836 5615 missorum
858 5551 1116 5631 Aquispranense
1137 5550 1275 5632 primum
1284 5554 1352 5616 310.

393 5655 444 5729 13)
471 5652 623 5736 Capitale
641 5672 699 5735 per
717 5652 827 5716 missos
848 5654 971 5734 capuita
989 5653 1138 5734 facienda
1147 5654 1318 5731 303-313,
1338 5653 1465 5731 c.1-4,
1484 5650 1607 5715 omissis
1626 5671 1651 5713 a.
1663 5652 1691 5716 5.
1707 5654 1733 5716 6.

1666 5753 1719 5806 49·
