4380 6248
266 363 307 427 9⁶2
786 364 929 420 KAROLI
950 364 1075 420 MAGNI
1096 362 1366 421 cnplrnnnnla

269 550 517 632 sapientissimos
535 549 635 627 viros,
663 553 727 611 tam
755 547 994 630 archiepiscopis
1021 565 1118 628 quarn
1145 552 1176 609 et
1202 546 1316 629 reliqui
1338 545 1494 629 episcopis
1514 543 1678 628 simulque
1698 552 1731 608 ct
1751 540 1884 607 abbates

269 649 466 714 venerabiles
499 649 659 732 laicosque
686 647 862 731 religiosos,
892 654 922 710 et
942 646 1075 710 direxit·
1102 648 1134 710 in
1166 649 1356 712 universum
1385 665 1520 729 regnum
1548 666 1659 725 sumn,
1686 650 1718 711 et
1744 664 1803 729 per
1828 664 1883 709 ees

271 754 394 816 cunctis
420 748 709 833 subsequentibusl
739 750 916 813 secundum
943 755 1060 813 rectam
1088 750 1190 833 legem
1220 751 1326 813 rivere
1352 750 1516 813 concessit.
1566 748 1629 813 Ubi
1656 756 1765 813 autem
1793 746 1885 811 aliter

272 875 369 939 quani
390 862 472 917 recte
494 860 525 916 et
544 853 628 916 iuste
649 854 681 915 in
704 852 771 936 lege
792 851 905 935 aliquit
928 870 997 915 esse
1017 852 1239 931 constitutum,
1259 852 1319 915 hoc
1340 851 1580 934 diligentissimo
1594 852 1701 915 animo
1711 850 1884 933 exquirere

271 959 365 1021 iussit
385 964 416 1020 et
443 954 504 1020 sibi
523 956 733 1017 innotescere:
764 952 849 1037 quod
873 954 941 1037 ipse
968 954 1105 1018 donante
1125 952 1192 1017 Deo
1214 953 1378 1017 meliorare
1399 954 1494 1035 cupit.
1536 951 1578 1016 Et
1599 970 1693 1017 nemo
1713 970 1771 1035 per
1791 952 1881 1035 inge-
1916 966 1929 1003 ⁵

272 1062 362 1123 nium
384 1078 480 1121 suum
503 1056 553 1120 vel
578 1058 726 1120 astutiam
752 1057 955 1139 perscriptam
982 1055 1098 1139 legem,
1125 1062 1161 1119 ut
1181 1055 1273 1118 multi
1295 1055 1412 1135 solent,
1440 1054 1490 1118 vel
1516 1053 1576 1117 sibi
1606 1074 1700 1117 snam
1724 1053 1882 1117 iustitiam

273 1161 422 1225 marrire‘2
443 1159 556 1223 audeat
576 1158 626 1221 vel
647 1157 819 1241 prevaleat,
840 1176 945 1240 neque
966 1157 1106 1220 ecclesiis
1127 1155 1185 1221 Dei
1208 1176 1311 1240 neque
1331 1155 1525 1240 pauperibus
1544 1175 1604 1220 nec
1621 1156 1728 1219 viduis
1748 1174 1809 1219 nec
1823 1174 1884 1238 pn-

273 1263 355 1346 pillis
382 1262 527 1345 nullique
554 1260 675 1323 homini
701 1259 880 1323 christiano.
921 1257 982 1323 Sed
1009 1278 1119 1322 omnes
1145 1260 1274 1322 omnino
1295 1258 1473 1322 secundum
1494 1257 1552 1321 Dei
1573 1263 1775 1343 praeceptum
1797 1258 1882 1321 iusta

273 1367 415 1429 virerent
443 1366 596 1427 rationem
622 1360 859 1440 iustoiudicio,
887 1368 918 1424 et
946 1362 1168 1444 unusquisque
1190 1362 1222 1423 in
1244 1381 1303 1424 suo
1324 1362 1482 1444 proposito
1503 1360 1553 1424 rel
1574 1360 1769 1444 professione
1790 1360 1883 1423 unia·

274 1469 400 1530 nimiter
420 1484 604 1549 permanere
619 1482 815 1527 ammonere:
837 1462 1002 1526 canonici³
1022 1464 1088 1526 vita
1113 1464 1266 1525 canonica
1286 1461 1407 1545 absque
1427 1464 1529 1546 turpis
1550 1461 1647 1525 lucris
1667 1462 1795 1545 negotio
1816 1459 1883 1545 ple-
1903 1474 1929 1513 ¹⁰

272 1570 355 1632 niter
366 1567 601 1647 obserassent,
623 1565 903 1630 sanctemoniales⁴
926 1564 985 1629 sub
998 1564 1159 1648 diligenti'J
1181 1565 1324 1627 custodia
1336 1566 1434 1627 vitam
1447 1584 1540 1627 suam
1553 1562 1766 1643 custodirent,
1786 1560 1883 1625 lniei⁵

273 1680 304 1734 ot
324 1671 480 1734 seculares
506 1676 589 1733 recte
614 1666 738 1752 legibus
759 1668 826 1729 suis
850 1672 1014 1731 uterentur
1034 1665 1155 1749 absque
1175 1666 1286 1730 fraude
1307 1666 1458 1750 maligno,
1484 1684 1612 1729 omnem
1633 1666 1666 1729 in
1688 1665 1827 1728 invicem
1847 1665 1882 1727 in

272 1770 399 1831 caritate
420 1775 451 1831 et
478 1786 553 1851 pace
579 1767 713 1850 perfecte
738 1770 889 1832 viverent.
938 1767 979 1832 Et
1008 1776 1044 1831 ut
1070 1770 1129 1851 ipsi
1155 1769 1244 1831 missi
1271 1767 1437 1851 diligenter
1461 1768 1657 1850 perquirere,
1683 1765 1883 1849 ubicumque

272 1870 388 1952 aliquis
409 1870 502 1932 hemo
524 1869 582 1933 sibi
604 1871 792 1934 iniustitiam
813 1871 928 1933 factam
955 1869 994 1933 ab
1015 1870 1122 1953 aliquo
1143 1869 1357 1948 reclamasset,
1385 1870 1468 1932 sicut
1488 1866 1548 1932 Dei
1565 1868 1791 1951 omnipotentis
1810 1886 1882 1951 gre·

273 1973 349 2034 tiam
372 1971 449 2033 sibic
476 1973 605 2055 cupiant
631 1973 790 2036 custodire
816 1979 848 2035 et
870 1971 1020 2036 fidelitate
1048 1971 1108 2034 sibi
1135 1974 1290 2055 promissa
1316 1989 1518 2049 conservare3
1551 1972 1595 2033 ita
1622 1976 1659 2033 ut
1684 1969 1817 2034 omnino
1846 1968 1881 2033 in
1902 1984 1929 2023 ¹⁵

273 2073 421 2136 omnibus
441 2072 653 2157 ubicumque,
674 2076 741 2137 sive
762 2077 795 2137 in
818 2076 935 2138 sanctis
949 2071 1156 2137 ecclesiisDei
1172 2074 1222 2137 vel
1244 2075 1339 2137 etiam
1360 2072 1568 2157 pauperibus,
1588 2072 1762 2157 pupilliset
1774 2070 1882 2135 viduis

273 2175 376 2257 adque
403 2184 517 2238 cuncte
543 2176 659 2259 populo
685 2176 788 2260 legem
808 2176 942 2260 pleniter
962 2178 1065 2260 adque
1085 2177 1205 2239 iustitia
1226 2175 1411 2239 exhiberent
1431 2176 1608 2239 secundum
1631 2174 1829 2239 voluntatem
1850 2184 1883 2237 et

274 2278 418 2339 timorem
438 2275 506 2339 Dei.
549 2276 591 2340 nt
612 2279 638 2341 si
667 2279 727 2342 tale
753 2279 865 2362 aliquit
891 2285 975 2342 esset
1000 2277 1083 2361 quod
1112 2279 1172 2361 ipsi
1197 2297 1253 2361 per
1280 2296 1313 2341 se
1341 2297 1414 2341 cum
1444 2276 1612 2341 comitibus
1632 2274 1882 2360 provincialibus

273 2378 440 2442 emendare
459 2384 490 2442 ct
510 2379 549 2442 ad
570 2381 723 2443 iustitiam
744 2381 895 2444 reducere
916 2381 1151 2463 nequivissent,
1171 2380 1231 2443 hoc
1250 2379 1370 2462 absque
1391 2378 1672 2463 ullaambignitate
1684 2397 1761 2442 cum
1778 2376 1883 2442 brebi·

273 2482 360 2543 tariis
382 2482 449 2543 suis
470 2481 508 2544 ad
531 2501 627 2544 suurn
648 2483 802 2546 referent‘l
824 2482 992 2548 iudicium:
1015 2489 1046 2545 et
1055 2501 1111 2566 per
1125 2481 1245 2544 nullius
1256 2482 1394 2545 hominis
1407 2482 1620 2545 adidationem
1632 2480 1681 2544 vel
1693 2480 1884 2565 praemium,
1901 2494 1928 2531 ²⁰

274 2582 394 2646 nullius
417 2595 560 2666 quoquee
582 2586 881 2665 consanguinitatis·
903 2584 1083 2648 defensione
1104 2584 1152 2646 rel
1175 2585 1287 2647 timore
1310 2589 1473 2667 potentum
1494 2588 1611 2646 rectam
1633 2582 1818 2646 iustitiavia
1831 2582 1881 2645 in·

274 2684 432 2766 pediretur
450 2684 490 2747 ab
512 2685 626 2767 aliquo.

374 2788 402 2849 2.
445 2784 493 2849 De
518 2787 667 2850 fidelitate
691 2788 900 2870 promittenda
927 2788 1043 2851 domno
1072 2789 1260 2871 imperatori.
1303 2787 1526 2870 Precepitqne,
1554 2794 1589 2849 ut
1615 2788 1703 2849 omui
1732 2786 1828 2849 homo
1849 2787 1882 2849 in

275 2895 338 2949 tote
360 2906 456 2969 regno
478 2908 552 2962 siro,
581 2890 647 2951 sive
668 2888 898 2952 ecclesiasticus
920 2890 987 2952 sive
1009 2890 1124 2967 laicus,
1146 2891 1368 2973 unusquisque
1389 2889 1565 2953 secundum
1588 2894 1698 2952 votum
1719 2894 1752 2952 et
1770 2906 1884 2972 prepo-

275 2989 370 3052 situm
393 3010 505 3061 suum,
527 2991 583 3071 qui
603 2997 695 3053 antea
716 2990 864 3054 fidelitate
885 2991 945 3054 sibi
967 2992 1448 3075 regisnominepromisissentss,
1469 3010 1557 3054 nuno
1568 2992 1674 3074 ipsum
1687 2990 1882 3074 promissum
1900 3002 1928 3043 ¹⁵

275 3091 429 3153 nominisf
455 3092 571 3154 cesaris
590 3091 698 3167 faciat3
726 3100 757 3155 et
783 3093 826 3154 hii
856 3095 911 3176 qui
932 3094 1035 3156 adhuc
1056 3095 1162 3177 ipsum
1188 3096 1379 3177 promissum
1400 3114 1462 3158 non
1485 3093 1676 3177 perficerunt
1696 3111 1809 3157 omnes
1830 3112 1884 3157 us·

249 3212 337 3274 ·que
366 3192 404 3255 ad
431 3192 617 3256 duodecimo
643 3195 752 3257 aetatis
781 3214 902 3257 annum
930 3195 1073 3259 similiter
1098 3197 1243 3259 lacerent
1289 3195 1330 3258 Et
1357 3202 1392 3259 ut
1421 3215 1531 3260 omnes
1551 3195 1727 3259 traderetur
1747 3194 1883 3279 publice,

275 3294 410 3377 qualiter
429 3296 652 3377 unnsquisque
671 3295 852 3378 intellegere
872 3303 994 3379 posset,
1016 3310 1132 3380 quam¹³
1153 3318 1268 3381 magna
1286 3300 1318 3361 in
1342 3299 1401 3361 isto
1416 3303 1611 3361 sacramento
1623 3304 1765 3381 atquem
1780 3296 1881 3361 multa

274 3396 489 3479 conprehensa
516 3401 606 3467 sunt,
633 3416 710 3462 non.
740 3405 775 3460 ut
802 3398 893 3461 multi
924 3418 1026 3481 usque
1053 3419 1140 3462 nunc
1163 3402 1412 3480 extimaverunt,
1446 3407 1570 3462 tantiam
1595 3397 1743 3462 fidelitate
1763 3397 1882 3462 domno

276 3500 454 3581 imperatori
478 3517 580 3581 usque
602 3500 634 3561 in
657 3500 722 3562 rita
743 3501 859 3583 ipsius,
880 3507 911 3563 et
930 3520 971 3563 ne
992 3501 1130 3585 aliquem
1154 3503 1318 3565 inimicum
1339 3503 1372 3564 in
1395 3521 1490 3564 suum
1507 3520 1640 3585 regnum
1657 3519 1754 3564 causa
1775 3500 1883 3564 inimi-
1899 3514 1926 3555 ω

275 3602 367 3663 citiae
386 3600 531 3673 inducat,
553 3608 585 3664 et
605 3621 646 3665 ne
666 3602 760 3665 alicui
781 3602 964 3666 infidelitate
982 3603 1068 3667 illius
1089 3606 1288 3667 consentiant
1308 3610 1364 3667 aut
1375 3604 1519 3679 retaciat,
1540 3602 1595 3665 sed
1611 3610 1647 3666 ut
1656 3603 1759 3665 sciant
1770 3620 1882 3665 omnes

275 3704 388 3765 istamh
411 3704 444 3765 in
467 3721 500 3765 se
520 3704 697 3766 rationem¹¹
719 3703 777 3767 hoc
798 3714 1031 3768 sacramentum
1053 3705 1175 3769 habere.

374 3806 403 3869 3.
446 3804 605 3881 Primum,
626 3813 662 3869 ut
684 3809 907 3890 unusquisque
928 3814 959 3872 et
980 3828 1112 3891 persona
1129 3810 1255 3892 propria
1266 3828 1299 3871 se
1312 3809 1343 3871 in
1362 3815 1469 3871 sancto
1484 3805 1542 3870 Dei
1559 3806 1687 3870 servitio
1702 3806 1881 3870 secundum

274 3904 333 3969 Dei
360 3912 542 3990 preceptum
571 3915 602 3970 et
630 3908 806 3972 secundum
834 3912 1035 3992 sponsionem
1062 3930 1152 3973 suam
1178 3911 1311 3994 pleniter
1337 3927 1523 3973 conservare
1551 3907 1676 3972 studeat
1703 3908 1879 3973 secundum

275 4008 468 4072 intellectum
490 4013 520 4071 et
541 4010 624 4072 vires
645 4030 736 4091 siras,
764 4013 840 4094 quia¹
861 4014 928 4094 ipse
949 4012 1085 4076 domnus
1106 4014 1275 4095 imperator
1296 4032 1359 4076 non
1381 4009 1531 4075 omnibus
1551 4008 1754 4093 singulariter
1773 4028 1882 4073 neces-
1898 4024 1925 4065 ³⁵

275 4111 388 4173 sariam
410 4116 511 4192 potest
532 4109 680 4174 exhibere
700 4131 809 4176 curam
831 4122 862 4176 et
883 4114 1089 4197 disciplinam.

374 4212 402 4273 4.
444 4210 604 4292 Secundo,
627 4219 661 4276 ut
681 4213 790 4278 nullus
808 4215 901 4277 homo
923 4234 1028 4297 noque
1048 4235 1121 4278 curn
1144 4217 1260 4299 periuri
1283 4234 1386 4299 neque
1407 4215 1462 4279 alii
1484 4215 1548 4279 ullo
1565 4215 1694 4297 ingenio
1710 4212 1883 4311 velfraudq

275 4333 330 4396 per
350 4312 472 4375 nullius
494 4333 647 4395 umquam
669 4315 875 4379 ariolationcm
898 4317 947 4379 vel
968 4319 1144 4400 praemium
1166 4336 1270 4399 neque
1291 4335 1418 4383 seranni
1436 4317 1544 4380 domni
1565 4316 1763 4401 imperatoris
1777 4334 1882 4401 neque

275 4416 445 4477 terminum
475 4433 579 4497 neque
607 4422 720 4478 terram
750 4417 892 4499 nihilque
918 4418 1002 4500 quod
1031 4420 1099 4482 iure
1124 4420 1309 4503 potestativo
1337 4425 1518 4501 permaneat
1545 4418 1727 4482 nullatenus
1757 4422 1882 4483 anua

275 4516 357 4579 dicat
385 4536 489 4599 neque
516 4516 695 4581 abstrahere
719 4518 833 4582 audeat
859 4519 907 4582 vel
937 4520 1051 4589 celare:
1079 4528 1110 4584 et
1136 4528 1170 4585 ut
1198 4540 1307 4584 nemos
1331 4521 1482 4603 fugitivos
1505 4519 1627 4584 fiscales
1648 4538 1740 4601 suos,
1768 4520 1825 4604 qni
1846 4538 1881 4585 se
1898 4534 1927 4575 ⁴⁰

276 4620 393 4681 iniuste
415 4626 538 4680 etcum
559 4618 686 4682 fraudes
710 4617 823 4682 liberes
844 4620 968 4700 dicunt,
996 4621 1097 4686 celare
1119 4641 1222 4705 neque
1243 4622 1422 4685 abstrahere
1441 4642 1515 4685 crim
1537 4622 1674 4705 periurio
1688 4620 1738 4685 rel
1753 4620 1816 4685 alie
1833 4622 1882 4687 in·

277 4722 358 4783 icuio
379 4730 549 4803 presumat.

376 5000 397 5052 u'
425 4999 493 5052 dixit
503 5018 525 5051 c.
607 5000 637 5069 bssa
659 5000 837 5071 ‹filigrntiae
925 5019 951 5069 c,
973 5002 1058 5057 ubic.
1139 5005 1168 5067 dr
1190 5012 1346 5058 reserante.
1433 5012 1461 5075 e)
1482 5022 1592 5075 queque.
1605 5003 1883 5077 consangninihsc.3

275 5078 486 5147 ‹sedusruet
568 5080 591 5132 f:
613 5080 766 5134 horuiuisc.
847 5088 877 5153 gi
898 5084 1048 5136 alseatina.
1129 5084 1159 5136 ln
1180 5085 1220 5136 ita
1233 5085 1314 5152 llum
1329 5086 1382 5138 ista
1393 5086 1597 5140 miserationem
1608 5102 1631 5139 c.

362 5339 382 5390 l'
412 5339 627 5409 (aque-lo.
729 5342 759 5401 ’ἐζ
781 5342 925 5412 inquunt,
941 5344 1116 5411 pertrahere,-
1130 5344 1220 5397 italice
1234 5346 1367 5399 smmrirc.
1401 5346 1468 5398 Ilien
1482 5346 1558 5411 iufra
1571 5362 1595 5397 c.
1605 5344 1630 5398 8.
1639 5344 1664 5398 9.
1766 5342 1797 5415 3)
1820 5344 1882 5415 635¹.
1899 5358 1926 5399 tt

272 5437 433 5507 pracacr'h‘m
446 5456 469 5489 c.
487 5437 825 5493 10-17.1s.·21--24.
907 5438 937 5491 fil
961 5438 1021 5508 tyr.
1035 5441 1168 5495 altene.
1257 5442 1286 5495 bl
1310 5442 1370 5508 Cfr.
1385 5441 1456 5496 aih
1470 5451 1560 5513 amq.
1650 5442 1680 5511 e)
1703 5441 1765 5512 Cfl.
1778 5442 1883 5515 capta-

277 5534 335 5587 lura
349 5536 490 5587 transerunt
506 5534 562 5589 786
578 5536 620 5589 rel
634 5536 691 5589 792
708 5536 801 5608 'stupra
813 5536 902 5593 (ltin
917 5537 1012 5591 c.‘2-
1021 5538 1045 5593 4.
