4418 6226
714 368 859 424 KAROLI
880 369 1006 424 MAGNI
1027 368 1298 426 CAPITULARIA.

278 764 347 868 lt.
387 759 777 870 CAPITULA
818 759 1221 868 EXOERPTA
1262 759 1365 868 ΒΕ
1408 758 1735 869 ΟΑΝΟΝΕ.

871 910 941 988 806
968 915 1024 986 vel
1051 916 1149 1006 posti

307 1055 480 1159 Lepenae·
504 1073 659 1155 ziaecrqrta
679 1070 841 1154 Incipiunt
867 1069 1003 1153 capitula
1028 1089 1181 1154 excarpsa
1209 1071 1248 1134 de
1270 1089 1390 1134 canone
1416 1071 1449 1132 in
1476 1069 1541 1132 eolo
1567 1069 1672 1133 rodata
1692 1070 1815 1133 Merme.

208 1184 322 1251 19416,
349 1181 491 1243 mtbnera
512 1176 663 1262 capitulis
678 1201 739 1261 per
758 1179 871 1240 malasve
898 1178 1022 1263 copnita
1044 1176 1206 1260 sentenciae
1232 1176 1334 1260 (titfra
1345 1175 1388 1253 [C.
1401 1176 1460 1256 66).
1512 1175 1619 1240 Canon
1638 1175 1817 1240 Pseudocat-

174 1285 304 1351 svestrt'
321 1283 434 1368 lepz'tar
454 1283 547 1344 etiam
569 1282 604 1342 in
624 1279 729 1342 codice
749 1278 1174 1344 mellentinum—8672
1190 1291 1265 1362 post
1284 1277 1424 1363 capitula
1440 1278 1596 1362 quaedam
1614 1279 1822 1341 ancertr'enaa'

205 1385 294 1469 infra
314 1386 362 1466 (C.
376 1385 429 1460 85)
451 1382 545 1447 edcta.

305 1487 518 1550 Rubm'camtm
539 1497 688 1547 emmeram
716 1485 830 1547 hebent
856 1507 1010 1547 carnonam
1035 1484 1177 1545 praeciae
1198 1495 1293 1566 parte
1321 1484 1355 1545 in
1374 1482 1727 1566 Dionysio-Hadm'ana
1753 1481 1814 1545 col·

206 1591 333 1654 lecttmte
355 1600 554 1671 receptorum.
599 1586 702 1664 Quam
722 1586 759 1649 od
781 1610 912 1649 carenam
933 1586 1009 1649 haec
1037 1597 1182 1668 concerpta
1206 1584 1347 1667 confecta
1371 1586 1450 1666 aciat,
1471 1610 1592 1668 parum
1612 1584 1721 1670 lt‘quet,
1746 1584 1813 1668 for-

207 1705 290 1755 tasse
311 1703 346 1754 ut
365 1691 399 1752 in
419 1688 538 1773 epmoclo
560 1687 598 1751 de
619 1689 660 1751 its
680 1699 840 1773 operetur,
860 1687 1005 1770 ‚fortaese
1025 1689 1118 1750 ettam
1138 1700 1174 1749 ut
1192 1689 1301 1751 ramam
1323 1686 1529 1751 traderentur.
1574 1686 1813 1773 Capitularc'brm

163 1821 187 1859 ro
206 1794 282 1856 laec
303 1804 448 1876 eccepto
469 1790 678 1853 cduamerate
699 1789 820 1872 sericae,
841 1812 875 1853 eo
888 1790 1059 1873 probatur,
1081 1788 1166 1874 quod
1176 1788 1353 1873 Ampecaaua
1375 1813 1411 1852 ea
1432 1791 1466 1851 a‘n
1487 1789 1566 1852 libro
1577 1790 1606 1852 I.
1619 1814 1644 1852 c.
1656 1790 1815 1854 tet-133

206 1908 236 1958 et
255 1897 289 1957 in
309 1893 483 1978 appendice
503 1891 643 1955 sentrude
663 1893 820 1976 receperit.
863 1891 914 1954 Ab
928 1891 1083 1975 Anaeee'po
1100 1904 1176 1974 post
1195 1890 1336 1974 capitulo
1348 1892 1408 1956 806
1426 1892 1606 1975 lt'a'umapac
1626 1891 1703 1953 dcta
1723 1889 1813 1954 collo-
1881 1892 1893 1935 ἱ

206 2009 330 2061 canace.
1287 1992 1339 2072 (B.
1361 1993 1393 2073 I,
1414 1994 1488 2071 4553
1517 1992 1555 2055 P.
1575 1993 1609 2074 I,
1635 1994 1715 2074 147).

308 2154 378 2263 Ut
401 2218 457 2282 per
479 2198 621 2281 singulos
642 2215 742 2259 annos
764 2196 907 2276 synodus
929 2197 977 2260 bis
997 2197 1059 2261 fiat.

307 2302 333 2364 2.
376 2299 486 2375 Qualis
507 2299 546 2362 ad
568 2299 778 2362 sacerdotium
799 2298 850 2361 vel
871 2318 976 2362 sacros
997 2299 1138 2378 ordines,
1166 2299 1342 2363 secundum
1370 2299 1454 2382 qnod
1475 2301 1508 2361 in
1529 2319 1649 2363 canone
1668 2301 1813 2383 legimua

162 2423 188 2463 15
206 2405 315 2466 venire
336 2423 401 2465 non
423 2409 531 2486 potest

305 2506 333 2570 3.
374 2505 418 2568 Ut
438 2523 641 2586 nequaquam
662 2504 745 2566 inter
764 2502 844 2565 duos
865 2503 1120 2586 metropolitanos
1143 2505 1306 2588 provincia
1329 2503 1494 2567 dividatur.

306 2609 333 2669 4.
375 2605 424 2669 Ne
445 2607 479 2667 iu
501 2625 566 2667 una
585 2605 711 2666 cinere
733 2604 795 2666 duo
817 2605 882 2667 siut
902 2606 1055 2688 episcopi,
1075 2613 1106 2669 et
1127 2606 1166 2669 de
1187 2607 1314 2669 vicariis
1335 2608 1562 2689 episcoporum.

305 2710 333 2772 ὁ.
376 2706 467 2782 Quod
490 2726 553 2770 non
575 2712 696 2789 op01tet
717 2705 930 2769 ordinationes
952 2707 1170 2790 episcoporum
1192 2707 1246 2770 diu
1271 2707 1402 2771 differre.

308 2811 335 2873 6.
377 2808 426 2873 ΒΘ
446 2808 597 2871 ordinatis
619 2808 772 2891 episcopis
794 2827 853 2870 nec
875 2810 1015 2891 receptis,

163 2933 188 2970 ro
309 2912 336 2974 7.
379 2910 469 2986 Quod
492 2929 556 2972 non
578 2916 717 2993 oporteat
737 2909 898 2973 absolute·
920 2908 1077 2993 quoslibet
1097 2911 1252 2974 ordinare.

307 3019 334 3076 tl.
375 3010 423 3075 ΒΘ
445 3031 548 3087 servo,
569 3013 596 3076 si
616 3013 776 3075 nesciente
797 3011 924 3074 domino
946 3031 1005 3075 suo
1025 3011 1121 3075 fuerit
1142 3012 1314 3075 ordinatus,

307 3116 335 3180 9.
377 3113 466 3189 Quod
494 3134 558 3177 non
586 3114 676 3178 liceat
704 3114 855 3177 clericum
885 3116 918 3176 in
946 3113 1026 3176 duas
1055 3115 1197 3178 civitates
1223 3115 1415 3190 ministrare,
1442 3133 1501 3178 nec
1525 3114 1653 3179 abbates
1678 3115 1816 3199 plurima

208 3217 399 3279 monasteria
418 3223 474 3279 aut
494 3216 587 3279 cellas
607 3215 729 3279 habere.

312 3321 355 3382 10.
396 3317 444 3381 Ne
465 3318 504 3381 de
523 3338 588 3381 uno
610 3318 677 3380 loco
699 3317 738 3380 ad
760 3318 858 3380 alium
882 3324 1019 3381 transeat
1046 3319 1212 3401 episcopus
1233 3319 1302 3381 sine
1323 3318 1446 3381 decreto
1468 3320 1700 3402 episcoporum,
1726 3320 1814 3383 velut

95 3422 98 3428 '
163 3440 189 3479 a
208 3420 340 3484 clericus
362 3422 430 3484 sine
448 3422 587 3484 iussione
608 3422 746 3504 episcopi
767 3421 825 3483 sni.

312 3525 355 3586 11.
396 3520 444 3585 ΒΘ
464 3523 637 3606 peregrinis
658 3523 811 3605 episcopis
835 3528 865 3584 et
885 3521 1013 3585 clericis.

311 3627 356 3690 12.
397 3623 445 3688 ΒΘ
466 3625 576 3688 litteris
596 3625 833 3708 peregrinorum
855 3630 886 3686 ct
905 3622 1026 3686 clericis
1047 3624 1115 3687 siue
1136 3623 1247 3687 litteris
1268 3623 1516 3688 ambulantibus.

311 3729 357 3794 13.
400 3727 516 3803 Quales
536 3726 586 3790 vel
606 3746 662 3809 pro
685 3724 833 3808 qtralibns
861 3724 963 3808 culpis
983 3727 1075 3808 quisb
1101 3725 1279 3789 secundum
1307 3728 1490 3790 canonicam
1515 3728 1745 3791 institutionem
1760 3727 1813 3791 de-

207 3829 357 3914 gradetur
376 3829 416 3892 de
437 3828 539 3892 officio
561 3827 752 3892 sacerdotali.

163 3949 189 3988 ³0
311 3935 356 3995 ll.
397 3929 445 3995 De
465 3931 598 4015 expulso
620 3929 659 3993 ab
681 3930 812 3993 ecclesie
831 3937 863 3993 et
883 3930 1209 3993 excommunicatione
1231 3928 1281 3992 vel
1304 3929 1452 3992 damnato
1472 3929 1511 3992 ab
1533 3930 1645 3994 officio.

312 4036 356 4097 15.
398 4032 446 4096 ΒΘ
466 4032 576 4095 ordine
597 4032 807 4095 ecclesiastico
828 4038 859 4094 et
879 4031 981 4094 officio
1002 4032 1127 4094 missae.
1167 4029 1215 4094 ΒΘ
1240 4030 1383 4113 reliquiis
1409 4038 1590 4095 sanctorum
1618 4038 1650 4096 et
1669 4035 1813 4097 oratoriis

208 4134 380 4197 villaribus.

311 4241 355 4301 iti.
395 4235 443 4300 De
461 4236 570 4300 altaria
590 4256 654 4299 non
675 4236 889 4300 consecranda
909 4236 972 4298 nisi
993 4233 1122 4318 lapidea.

311 4339 355 4402 17.
397 4336 446 4401 ΒΘ
467 4337 704 4402 confirmatione
725 4359 800 4401 cum
821 4339 997 4401 chrismate.

309 4443 354 4505 18.
395 4439 444 4504 ΒΘ
462 4440 624 4524 baptismo.

311 4544 355 4607 19.
395 4541 443 4605 ΒΘ
465 4561 558 4625 pasca
578 4549 609 4606 et
630 4542 680 4605 die
700 4542 858 4605 dominico
879 4547 911 4605 et
930 4541 1069 4624 reliquas
1089 4541 1282 4605 festivitates.

308 4645 355 4709 211.
396 4642 443 4707 ΒΘ
464 4645 583 4707 ieiunio
604 4650 635 4707 et
656 4642 897 4728 quadragesimo
917 4643 967 4707 vel
989 4643 1129 4706 letanias.

307 4747 354 4809 21.
396 4745 439 4809 Ut
458 4745 642 4809 festivitates
662 4745 836 4829 praeclaras
858 4745 984 4808 nonnisi
1011 4746 1043 4806 in
1066 4745 1210 4810 civitates
1231 4745 1338 4807 autin
1361 4745 1447 4808 vicos
1475 4744 1618 4828 publicos
1638 4750 1815 4809 teneantur.

307 4847 355 4912 22.
397 4845 445 4910 ΒΘ
465 4848 524 4911 hoc
545 4847 655 4910 officio.

161 4971 189 5010 n
308 4951 355 5015 23.
397 4949 441 5013 Ut
461 4969 570 5013 omnes
590 4949 699 5014 fideles
718 4951 943 5013 conmunicent
962 4955 993 5011 et
1012 4948 1052 5011 ad
1072 4949 1186 5011 missas
1206 4952 1346 5031 perstent
1364 4948 1397 5009 in
1418 4945 1506 5010 finali
1528 4948 1754 5031 deprecatione.

308 5050 475 5135 Incipitl
496 5071 619 5114 canon
635 5051 770 5115 Sancti
793 5051 980 5115 Siluestri
1001 5047 1306 5114 etGCLXXXIV
1327 5050 1607 5133 episcoporum.
1650 5049 1736 5114 Fecit
1756 5051 1813 5114 hos

207 5153 325 5237 gradus
345 5155 379 5215 in
400 5154 520 5237 gremio
542 5153 659 5232 sinodi,
681 5159 717 5217 ut
738 5173 802 5216 non
824 5152 988 5236 presbyter
1008 5152 1160 5216 adversus
1181 5152 1381 5235 episcopum,
1402 5169 1466 5214 non
1489 5152 1641 5216 diaconus
1661 5152 1814 5216 adversus

309 5341 336 5407 a)
358 5340 447 5393 solute
460 5357 482 5392 c.
569 5339 599 5400 bl
621 5357 670 5409 per
683 5341 751 5392 ade.
765 5356 788 5392 c.

310 5527 339 5596 1)
362 5526 465 5581 Concil.
482 5528 592 5581 Roman
603 5528 642 5581 II.
660 5527 742 5595 (anni
748 5527 841 5597 324‘2)
854 5545 913 5580 cna.
921 5527 946 5582 3.
979 5527 1082 5594 titane,
1093 5527 1175 5598 ampl.
1188 5527 1299 5595 codll,
1315 5526 1380 5582 623.

1899 827 1918 872 k
