4380 6248
266 367 328 433 426
832 368 1006 425 ANSliGlSi
1027 368 1321 426 cnrlrt'nsaffin

268 547 431 626 occiderit,
452 553 609 632 conponat
629 546 720 610 illum
741 551 773 610 et
791 564 923 609 manum
945 565 1042 629 quam
1062 544 1236 628 periuravit
1247 544 1357 628 perdat
1377 549 1408 607 et
1428 543 1559 627 insuper
1579 542 1725 607 bannum
1746 542 1885 606 domini-

266 665 342 713 cum
362 649 470 713 solvat

367 753 396 818 5.
439 749 490 815 Dc
507 755 676 814 urnrolura
695 751 732 814 in
751 749 866 814 mnan
885 749 1036 814 hunda
1077 746 1125 812 De
1147 750 1353 813 armaturain
1367 749 1524 827 exercitu,
1546 749 1629 812 sicut
1649 754 1743 811 antea
1763 749 1797 810 in
1820 747 1884 810 alio

266 856 433 938 capitulari
452 854 760 934 commendavimus,
787 855 832 918 ita
854 857 1014 932 servetur,
1039 856 1070 916 et
1095 852 1228 934 insuper
1248 851 1352 914 omnis
1376 851 1471 913 homo
1500 850 1539 914 de
1563 849 1731 913 duodecim
1760 850 1885 912 mansis

270 955 418 1021 bruniam
440 956 569 1036 habeat3
600 957 657 1040 qui
677 975 752 1020 vero
779 955 929 1020 bruniam
955 953 1076 1018 habens
1103 972 1173 1017 eam
1194 971 1303 1016 secum
1325 972 1391 1015 non
1416 952 1538 1029 tulerit,
1567 970 1661 1015 omne
1688 949 1883 1015 beneficium
1912 974 1926 1011 s

268 1079 344 1122 crun
365 1058 481 1122 brunia
500 1059 617 1142 pariter
636 1058 753 1142 perdat
1428 1122 1430 1126 ,

370 1164 397 1226 6.
439 1156 489 1222 Dc
514 1159 769 1240 neqoliobmlns,
798 1177 960 1239 quousque
978 1158 1161 1239 praedant
1202 1157 1250 1224 De
1271 1156 1520 1242 negotiatoribus
1549 1155 1605 1238 qui
1634 1153 1778 1238 partibus
1798 1152 1885 1218 Scla-

268 1283 384 1328 vorum
413 1269 444 1327 et
460 1263 659 1326 Armorum·
679 1267 831 1346 pergunt,
861 1281 1030 1346 quousque
1056 1261 1223 1346 procedere
1243 1281 1316 1324 oum
1345 1259 1413 1324 suis
1439 1259 1574 1342 negotiis
1598 1255 1748 1320 debeant:
1777 1255 1809 1318 id
1836 1261 1886 1318 est

268 1366 412 1451 partibus
434 1365 591 1430 Saxoniae
611 1383 713 1447 usque
734 1364 774 1428 ad
796 1363 985 1428 Bardenwih
1006 1366 1036 1426 ct
1063 1362 1107 1425 aa
1129 1361 1352 1442 Moqudoburg
1373 1365 1402 1424 ci
1421 1361 1465 1423 acl
1484 1358 1678 1439 Erpltesfuil
1702 1360 1732 1420 ct
1749 1356 1795 1419 ad
1814 1355 1886 1419 Ho-
1977 1403 1984 1419 .

267 1466 387 1530 louslul
408 1471 437 1530 ci
453 1466 497 1529 od
517 1465 707 1530 Forollucim
736 1465 827 1528 dod
850 1465 1033 1545 Brcembcrg
1061 1464 1151 1528 clod
1175 1463 1398 1544 chonesburg
1419 1467 1448 1526 ci
1469 1462 1513 1525 od
1534 1460 1742 1525 Iaurinctnn.
1784 1459 1826 1523 Et
1849 1470 1923 1524 utro

270 1590 359 1633 arma
379 1575 410 1634 et
431 1569 562 1633 brunias
582 1588 647 1631 non
669 1568 788 1632 ducant
807 1569 847 1632 ad
869 1569 1135 1643 venundandum
1157 1568 1287 1653 quodsi
1307 1568 1431 1631 inventi
1446 1566 1566 1630 inierint
1584 1569 1757 1649 portantes,
1778 1564 1885 1626 omnis

270 1672 449 1736 substantia
475 1691 585 1736 eorum
613 1671 775 1735 auferatur
802 1671 841 1735 ab
868 1673 930 1753 eis,
966 1671 1096 1735 dimidia
1122 1671 1252 1754 quidem
1280 1690 1353 1754 pars
1388 1668 1532 1754 portibus
1561 1667 1681 1752 palatii,
1716 1665 1779 1729 alia
1808 1683 1885 1728 rero

270 1774 422 1838 medietas
444 1774 527 1837 inter
548 1775 611 1836 iam
632 1773 752 1837 dictosl
774 1774 889 1838 missos
910 1779 942 1839 et
962 1775 1159 1839 inventorem
1180 1773 1349 1837 dividatur.

371 1877 398 1940 7.
439 1873 491 1938 Dc
510 1873 732 1939 cbrmolom'bus
754 1873 802 1938 vel
822 1874 1001 1938 causidicis.
1042 1873 1091 1940 De
1119 1876 1345 1940 clamatoribus
1371 1875 1421 1939 vel
1446 1874 1615 1938 causidicis
1642 1871 1699 1956 qui
1720 1889 1780 1934 nec
1800 1869 1886 1933 iudi-

268 1979 356 2040 cium
380 1977 584 2041 scabinorum
604 1978 807 2061 adquiescere
829 1998 888 2043 nec
909 1978 1126 2063 blasphemare
1149 1979 1262 2042 volunt
1282 1978 1414 2061 antiqua
1440 1975 1637 2041 consuetudo
1665 1979 1825 2043 servetur,
1853 1970 1887 2033 id
1899 1996 1925 2036 n

268 2084 316 2144 est
337 2080 427 2143 utin
449 2079 593 2143 custodia
620 2079 826 2143 recludantur
856 2080 956 2144 donec
984 2100 1087 2145 unum
1115 2080 1278 2145 eduobus
1297 2080 1421 2144 faciant.
1464 2077 1506 2142 lit
1530 2079 1557 2142 si
1579 2077 1618 2140 ad
1645 2075 1801 2160 palatium
1829 2093 1886 2157 pro

272 2182 331 2245 hac
353 2200 386 2245 re
406 2179 610 2243 clamaverint
630 2187 661 2246 et
682 2182 802 2246 litteras
823 2183 1007 2259 detulerint,
1030 2203 1095 2247 non
1118 2183 1247 2267 quidem
1261 2182 1474 2262 eiscredatur,
1495 2199 1554 2244 nec
1576 2185 1681 2243 tamen
1703 2178 1738 2240 in
1760 2194 1887 2239 carcere

270 2289 444 2368 ponantur3
467 2285 522 2347 sed
544 2304 618 2348 oum
640 2286 784 2349 custodia
806 2291 837 2350 et
857 2305 931 2349 cum
952 2287 1030 2370 ipsis
1049 2286 1161 2350 litteris
1180 2285 1297 2369 pariter
1319 2284 1358 2348 ad
1379 2284 1532 2368 palatium
1554 2287 1700 2345 nostrum
1721 2280 1887 2344 remittan-

269 2392 335 2468 tur,
357 2391 394 2450 ut
415 2385 459 2449 ibi
480 2386 693 2450 discutiantur
713 2388 796 2451 sicut
815 2388 950 2471 dignum
971 2395 1026 2453 est.

245 2486 250 2535 ἕ
370 2492 398 2555 8.
440 2484 490 2550 Dc
510 2488 696 2551 iuramento.
739 2488 788 2554 De
809 2492 1001 2571 iuramento,
1027 2496 1064 2555 ut
1089 2490 1171 2554 nulli
1192 2490 1281 2554 alteri
1309 2509 1366 2574 per
1389 2492 1622 2552 sacramentum
1650 2483 1787 2548 fidelitas
1813 2502 1924 2566 pro-ao

272 2592 416 2654 mittatur
437 2592 499 2654 nisi
519 2590 611 2655 nobis
631 2597 662 2655 et
680 2594 858 2676 unicuique
884 2595 1010 2677 proprio
1037 2595 1153 2657 seniori
1177 2593 1216 2656 ad
1243 2597 1384 2656 nostram
1411 2590 1578 2654 utilitatem
1604 2591 1636 2651 ct
1661 2586 1712 2650 sui
1734 2585 1885 2660 senioris3

272 2699 402 2777 excepto
424 2693 473 2755 his
495 2695 700 2758 sacramentis
721 2713 802 2777 quae
824 2696 906 2758 iusta
929 2695 1105 2758 secundum
1134 2696 1236 2779 legem
1264 2695 1353 2758 alteri
1382 2693 1420 2755 ab
1442 2692 1539 2755 altero
1563 2687 1727 2753 debentur.
1775 2685 1817 2749 Et
1839 2687 1887 2748 in·

271 2794 387 2869 tantas
411 2796 467 2877 qui
487 2801 578 2858 antea
600 2815 664 2858 non
684 2803 857 2880 potuerunt
878 2802 1004 2880 propter
1027 2797 1200 2861 iuvenilem
1219 2802 1352 2861 aetatum
1371 2797 1489 2871 iurare,
1519 2791 1613 2856 modo
1632 2789 1816 2854 fidelitatem
1841 2807 1886 2851 re

273 2899 464 2980 promittant

371 3002 401 3064 9.
443 2994 494 3060 Dc
506 2999 797 3078 conspirationibus.
837 2998 905 3064 Deb
924 3001 1211 3084 conspirationibus
1223 3021 1307 3082 vero,
1322 3000 1537 3084 quicumqueb
1552 2998 1886 3080 faoerepraesumpse
1898 3019 1924 3059 ιε

271 3102 337 3163 rint
357 3107 388 3165 et
409 3106 604 3165 sacramento
626 3122 864 3185 quamcumque
885 3104 1151 3187 conspirationem
1172 3103 1382 3183 firmaverint,
1407 3107 1444 3166 ut
1463 3101 1578 3184 triplici
1598 3100 1720 3162 ratione
1741 3095 1887 3160 iudicen-

271 3208 333 3266 tur.
383 3202 506 3280 Primo,
532 3211 568 3267 ut
597 3202 792 3287 ubicumque
822 3205 951 3288 aliquod
978 3206 1100 3270 malum
1127 3225 1184 3290 per
1209 3206 1269 3269 hoc
1296 3211 1508 3289 perpetratum
1537 3203 1612 3281 fuit,
1639 3208 1785 3264 auctores
1811 3197 1886 3260 facti

272 3305 516 3382 interficiantu13
547 3305 707 3369 adiutores
726 3325 801 3370 vero
823 3326 932 3371 eorum
956 3308 1073 3391 singuli
1095 3308 1174 3371 altar
1194 3307 1233 3371 ab
1254 3308 1351 3371 altero
1372 3306 1570 3391 flagellentur
1589 3310 1621 3368 et
1640 3321 1734 3366 nares
1755 3302 1820 3365 sibi
1839 3302 1887 3363 in·

272 3409 374 3471 vicem
402 3407 591 3491 praecidant.
645 3407 707 3472 Ubi
736 3428 811 3471 vero
847 3410 926 3472 nihil
958 3410 1035 3473 mali
1063 3417 1276 3494 perpetratum
1313 3416 1376 3489 est,
1408 3407 1552 3472 similiter
1579 3406 1707 3490 quidem
1741 3405 1826 3468 inter
1853 3422 1887 3466 so

272 3508 473 3594 flagellentur
492 3516 524 3573 et
545 3510 675 3594 capillos
695 3510 756 3574 sibi
779 3512 921 3575 vicissim
942 3503 1121 3576 detondant
1168 3513 1201 3578 Si
1229 3532 1303 3576 vero
1330 3531 1386 3596 per
1411 3512 1538 3574 dextras
1562 3509 1669 3592 aliqua
1694 3507 1924 3590 conspirationi

272 3610 400 3674 firmata
425 3611 536 3691 fuerit,
567 3613 594 3675 si
622 3611 712 3676 liberi
741 3619 831 3692 sunt,
861 3618 918 3677 aut
943 3615 1050 3677 iurent
1077 3635 1152 3678 cum
1179 3615 1301 3679 idoneis
1325 3612 1520 3677 iuratoribus
1546 3612 1605 3675 hoc
1628 3631 1684 3693 pro
1711 3608 1796 3672 malo
1822 3627 1887 3672 non

273 3712 402 3793 fecisse,
422 3720 478 3776 aut
498 3715 524 3776 si
546 3714 648 3778 facere
669 3733 733 3776 non
754 3716 930 3798 potuerint,
954 3736 1045 3779 suam
1065 3716 1166 3800 legem
1187 3721 1393 3799 componant3
1416 3716 1443 3779 si
1465 3733 1540 3778 vero
1562 3715 1644 3777 servi
1667 3719 1758 3792 sunt,
1780 3709 1889 3792 flagel-

274 3815 389 3879 lentur.
430 3814 471 3878 Et
493 3822 528 3878 ut
546 3817 725 3880 decaetero
751 3818 785 3879 in
811 3836 909 3900 regno
937 3825 1044 3881 nostro
1070 3819 1159 3882 nulla
1185 3818 1369 3883 huiusmodi
1394 3817 1584 3899 conspiratio
1615 3834 1675 3878 nec
1700 3833 1763 3897 per,
1783 3832 1887 3878 sacm-

273 3923 419 3981 mentum
440 3937 499 3982 nec
520 3920 588 3982 sine
609 3924 805 3983 sacramento
826 3919 893 3998 fiat.

374 4023 419 4086 to.
461 4016 511 4083 Dc
534 4021 696 4100 periuriis.
744 4019 812 4086 De⁶
838 4024 997 4106 periuriiS,
1033 4029 1085 4087 ut⁰
1112 4029 1300 4102 caveantur,
1336 4028 1367 4086 et
1394 4042 1458 4085 non
1491 4021 1699 4085 admittantur
1725 4025 1823 4083 testes
1848 4018 1921 4081 adn

275 4123 509 4204 iuramentum,
530 4129 701 4207 antequam
723 4124 950 4201 discutiantur3
980 4131 1011 4188 et
1032 4126 1059 4189 si
1080 4125 1171 4188 aliter
1191 4125 1305 4189 discuti
1327 4145 1391 4188 non
1412 4125 1551 4209 possint,
1571 4128 1757 4208 separentur
1777 4120 1819 4184 ab
1840 4122 1887 4183 in·

274 4225 378 4288 vicem
403 4230 434 4288 ot
451 4224 652 4308 singulariter
672 4226 886 4308 inquirantur.
939 4226 982 4290 Et
1002 4247 1068 4291 non
1096 4227 1154 4291 soli
1181 4229 1356 4292 accusatori
1382 4228 1475 4292 liceat
1495 4232 1589 4291 testes
1615 4225 1730 4309 eligere
1757 4222 1886 4288 absente

275 4346 335 4389 suo
357 4334 528 4390 causatore.
568 4325 610 4390 Et
633 4328 763 4390 omnino
785 4328 893 4392 nullus
922 4330 984 4392 nisi
1010 4331 1139 4394 ieiunus
1156 4331 1196 4394 ad
1216 4332 1432 4395 iuramentum
1451 4329 1502 4394 vel
1526 4329 1567 4393 ad
1590 4329 1810 4392 testimonium
1832 4326 1885 4390 ad-

270 4429 425 4491 mittatur.
469 4426 525 4491 Si‘1
557 4429 748 4509 retentura
777 4430 861 4493 dicat
887 4431 940 4494 ille
970 4432 1032 4515 qui
1059 4451 1134 4496 eum
1160 4433 1276 4496 refutat
1303 4441 1334 4498 et
1360 4431 1487 4517 probet,
1513 4449 1612 4515 quare
1633 4429 1727 4494 illum
1749 4431 1885 4513 racipere

276 4529 361 4607 nolit.
404 4528 447 4594 Et
468 4531 507 4595 de
524 4533 592 4615 ipso
612 4551 693 4615 pago
714 4533 773 4593 oui
792 4531 831 4594 cle
850 4532 964 4595 vicinis
976 4535 1134 4598 ommuni
1154 4535 1326 4619 eligantur,
1346 4535 1407 4598 nisi
1431 4534 1510 4598 forte
1530 4533 1657 4616 longius
1678 4537 1769 4596 extra
1789 4532 1918 4595 comi-o

276 4636 378 4695 tatum
400 4651 496 4696 carisa
524 4634 565 4696 sit
589 4634 787 4716 inquirenda
838 4634 932 4699 Etsi
961 4638 1034 4719 quis
1061 4639 1226 4702 convictus
1246 4637 1342 4701 fuerit
1369 4637 1512 4721 periurii,
1538 4635 1647 4719 perdat
1675 4653 1811 4698 manum
1832 4644 1884 4697 aut

276 4734 417 4798 redimat

381 4999 408 5068 a)
429 4999 592 5055 bavarorum
603 5001 646 5055 nel
655 5001 829 5056 bavariorum
841 5004 921 5057 codd.
929 5003 1052 5074 plurimi.
1094 5004 1125 5074 b)
1145 5004 1320 5076 Pracipimus
1330 5005 1500 5077 quicumque
1511 5003 1747 5076 conspirationem
1759 5002 1817 5057 Vas.
1825 5000 1883 5055 Pol

281 5077 350 5132 583.
358 5079 415 5136 Vol.
425 5079 490 5133 Cirr.
498 5080 556 5134 974
565 5089 590 5134 ct
600 5081 686 5135 1036.
701 5083 764 5140 Par.
774 5082 880 5140 18237.
922 5083 949 5153 e)
965 5083 1139 5156 Pracipimus
1149 5091 1181 5139 ut
1189 5102 1363 5156 summopere
1371 5086 1569 5156 peruriacodd.
1579 5085 1672 5138 brian.
1711 5082 1742 5150 d)
1756 5082 1796 5136 ilo
1804 5082 1883 5136 codd

275 5159 394 5230 plurimi
402 5167 427 5212 ct
436 5161 545 5230 optimi·
560 5159 589 5215 Si
597 5179 662 5217 vero
671 5162 773 5234 aliquis
779 5163 917 5218 refutatur
924 5165 1007 5217 codd.
1015 5165 1180 5236 conplurium
1200 5165 1237 5220 Et
1246 5165 1293 5220 ille
1302 5165 1350 5236 qui
1361 5166 1397 5220 ad
1406 5165 1597 5221 testimonium
1604 5164 1762 5233 adducitur,
1772 5160 1884 5218 sireiut
1894 5170 1919 5209 ὥ

277 5239 338 5292 rell.
350 5239 401 5292 alii
409 5241 491 5292 codd.
507 5241 640 5295 mulli.
665 5243 812 5313 Annona
823 5244 903 5297 umbo
918 5245 1034 5314 peremne
1055 5245 1092 5300 Et
1106 5246 1155 5302 illa
1170 5263 1196 5317 q.
1213 5251 1276 5301 test.
1291 5246 1352 5300 add
1365 5254 1428 5317 port
1438 5245 1602 5301 admittatur
1611 5245 1710 5315 maisit,
1720 5261 1799 5314 quana
1814 5259 1884 5296 erro

277 5335 336 5372 rem
352 5319 461 5372 unani
474 5320 526 5374 olii
535 5324 687 5377 mimidensis
697 5324 823 5377 mileutur
835 5324 941 5378 incertia
953 5326 1040 5378 undis
1053 5343 1118 5382 vero
1133 5325 1244 5398 aliquis,
1259 5325 1311 5379 alu
1318 5327 1435 5396 ymnius
1449 5326 1611 5398 capitularia
1625 5325 1738 5380 mucore
1754 5323 1883 5377 aarum

279 5398 427 5453 Coclemm
436 5400 465 5452 in
474 5403 622 5472 appendice
636 5406 754 5457 secunda
765 5404 816 5457 dcc
829 5405 978 5476 σαριϊιιὶυηι
990 5406 1088 5459 mma
1099 5413 1127 5464 ct
1135 5408 1282 5461 secundum
1290 5407 1433 5477 patruinum
1443 5406 1581 5461 noanon
1591 5413 1727 5479 reccpm
1738 5412 1787 5459 cri.

379 5643 408 5715 1)
429 5645 474 5700 Ab
483 5645 614 5718 Anssqrbo
626 5656 716 5704 ouran
728 5668 783 5704 non
794 5651 890 5705 melea
953 5651 983 5728 2)
1006 5652 1067 5719 Cfr.
1078 5670 1164 5724 suffla
1176 5671 1243 5724 pop.
1253 5653 1311 5709 288
1326 5672 1350 5734 c.
1358 5653 1395 5709 10
1408 5655 1458 5709 ml
1463 5656 1532 5726 fiae.
