4380 6248
730 399 780 453 ΕΤ
799 397 1014 454 HLOTEARII
1036 397 1299 455 CAPITULARIA
1320 400 1504 454 814-827.
1865 397 1927 463 369

414 577 442 641 3.
482 573 530 638 De
550 576 788 638 conversatione
808 575 994 639 clericorum
1016 577 1049 638 in
1064 576 1246 659 episcopatu
1267 575 1432 660 disposita,
1452 577 1528 660 quid
1550 576 1637 640 aliud
1658 597 1755 661 qnam
1775 584 1810 641 ut
1830 597 1925 641 curro·

314 681 384 742 nice
405 679 532 762 degant,
559 676 729 741 dicendum
753 684 815 753 est3
845 680 901 761 qui
923 679 1014 742 iuxta
1040 697 1148 742 vocem
1175 678 1328 761 apostoli1
1354 677 1424 741 ‘filii
1453 678 1534 743 bene
1561 679 1697 743 subditi’
1720 681 1823 743 vocari
1850 700 1925 743 con-

313 782 495 865 cupiscunt,
522 800 595 843 cum
625 781 658 842 in
687 779 776 842 cultu
801 781 887 842 vario
915 780 1040 844 discreti
1065 799 1134 843 esse
1158 780 1307 859 debcant,
1337 800 1451 843 usurus
1478 801 1552 844 cum
1576 781 1767 845 feminarum
1794 802 1925 846 accessu

312 885 412 947 vitare
432 882 632 946 contendant.

287 1006 300 1043 a
412 988 439 1049 4.
480 981 528 1047 De
550 985 754 1068 dispositione
776 990 806 1048 et
832 983 934 1047 officio
956 984 1228 1067 presbyterorum,
1248 985 1353 1068 qualis
1375 1005 1444 1048 esse
1463 987 1604 1050 exterius
1620 986 1731 1050 debeat
1751 988 1816 1050 vito
1837 1006 1925 1071 prae·

313 1087 401 1166 sulis,
424 1086 583 1170 preeundo
597 1085 828 1150 demonstrant:
852 1087 884 1149 hi
906 1088 1058 1149 nimirum
1077 1088 1111 1149 in
1132 1086 1264 1150 eclesiae
1284 1088 1514 1170 providentiam
1536 1088 1686 1169 ordinati,
1707 1097 1783 1152 tunc
1802 1091 1833 1152 in
1853 1110 1924 1173 pro·

311 1190 411 1272 posito
440 1207 624 1271 permanere
650 1188 832 1266 videantur,
859 1209 934 1252 cum
961 1209 1061 1273 prona
1086 1189 1252 1252 devotione
1285 1191 1405 1253 strenui
1432 1192 1566 1273 pastoris
1592 1211 1648 1274 pro
1676 1197 1771 1274 captu
1800 1193 1924 1255 imitare

312 1293 443 1373 vestigia
462 1299 686 1354 consuescunt.

411 1396 440 1457 ὁ.
482 1391 530 1457 De
551 1393 748 1457 ordinatione
768 1413 875 1457 rerum
895 1395 1056 1477 episcopii,
1083 1395 1224 1476 priorum
1256 1394 1349 1458 nobis
1372 1402 1496 1478 patrum
1521 1403 1552 1458 ct
1572 1393 1735 1458 Romane²
1762 1395 1841 1479 legis
1862 1402 1924 1459 sta·

273 1502 379 1559 nunu
402 1497 461 1558 rito
487 1502 672 1559 conservata
701 1495 873 1559 sufficiant:
911 1496 1138 1579 quadripertita
1171 1496 1310 1579 denique
1338 1515 1379 1560 cx
1408 1495 1563 1560 reditibus
1588 1498 1777 1580 patrimonia
1806 1500 1921 1580 partim

310 1597 502 1681 pauperibus
526 1598 700 1680 eroganda,
729 1600 843 1681 partim
869 1599 1080 1682 praelatorum
1110 1599 1364 1681 templorumque
1387 1597 1499 1662 usibus
1520 1598 1712 1682 implicanda
1739 1606 1922 1663 sanxerunt

310 1701 462 1764 Aeclesiis
484 1702 582 1783 igitur
601 1700 842 1783 baptismalibus
856 1701 1002 1765 custodes
1017 1701 1175 1784 eligantur
1189 1699 1377 1783 presbytcri,
1398 1699 1568 1783 inquibus
1590 1720 1653 1763 non
1675 1700 1778 1764 solum
1803 1720 1921 1765 nomen

309 1803 417 1882 officii,
440 1822 548 1866 verum
574 1804 667 1866 etiam
691 1804 866 1867 sanctitatis
886 1803 1032 1866 decenter
1051 1803 1158 1866 cultus
1179 1802 1334 1885 effulgeat
1375 1802 1480 1865 Titula
1497 1822 1628 1886 quoque
1648 1802 1822 1866 earundem
1843 1803 1924 1868 eclo-

310 1907 428 1969 siarum
450 1926 609 1968 unacum
631 1904 804 1968 rectoribus
824 1924 924 1988 acque
946 1904 1007 1968 sibi
1036 1906 1220 1988 praepositis
1241 1911 1405 1987 tamquam
1427 1903 1634 1968 subiectionis
1653 1905 1763 1969 ordine
1784 1907 1925 1970 contenti

272 2027 296 2065 ra
309 2007 503 2072 sublimioris
525 2008 687 2070 humiliter
705 2008 846 2071 culmina
868 2014 1068 2072 venerentur.
1153 2045 1155 2049 -

412 2113 439 2176 6.
481 2109 621 2186 Qualiter
642 2109 904 2173 senedochiorum
925 2109 1000 2173 ordo
1023 2117 1182 2187 servetur,
1209 2110 1408 2193 promulgata
1429 2109 1468 2172 ab
1491 2110 1677 2174 auctoribus
1697 2129 1808 2174 eorum
1830 2117 1924 2173 testa·

309 2220 414 2276 naenia
434 2213 587 2287 intentum
619 2232 693 2274 nam
715 2213 742 2274 si
763 2211 901 2274 levitatis
922 2218 977 2275 aut
1003 2211 1135 2275 fortasse
1157 2212 1367 2295 simplicitatis
1390 2211 1551 2275 erroribus
1572 2212 1721 2275 obvoluta
1743 2212 1923 2275 rationabili

308 2323 391 2378 statu
413 2316 585 2392 caruerint,
605 2313 749 2376 catholici
771 2315 942 2396 provisoris
965 2314 1132 2376 arbitrium
1154 2313 1376 2397 prestolentur.

409 2419 435 2482 7.
477 2415 525 2480 De
546 2417 655 2479 ordine
676 2416 903 2478 canonicorum
924 2417 956 2478 in
979 2415 1057 2479 locis
1084 2418 1152 2480 suis
1173 2417 1341 2499 excerptol
1369 2415 1409 2479 ab
1431 2415 1613 2479 auctoribus
1634 2415 1685 2479 vel
1711 2414 1750 2478 ab
1779 2417 1921 2498 antiquis

269 2520 439 2583 aecclesiae
462 2518 586 2602 legibus
614 2517 900 2581 defloraciunculae
930 2538 969 2581 ex
997 2519 1130 2581 decretis
1156 2518 1376 2601 gloriosissimi
1405 2519 1541 2581 caesaris
1567 2520 1598 2580 in
1629 2537 1732 2580 unum
1759 2517 1925 2580 codicem³

307 2622 449 2685 redactae
470 2641 506 2684 ao
526 2641 545 2684 a
568 2621 659 2684 nobis
681 2628 844 2704 susceptae
867 2621 980 2683 horum
1005 2622 1069 2683 vita
1090 2621 1229 2703 predulci
1253 2623 1409 2683 suavitate
1430 2618 1647 2703 componendo
1668 2626 1847 2702 perornant.

407 2727 434 2789 8.
476 2722 524 2788 Do
545 2724 745 2786 monasteriis
762 2723 977 2806 regularibus,
998 2742 1080 2806 quae
1101 2721 1209 2785 beatae
1230 2723 1455 2786 recordationis
1466 2721 1628 2786 Benedicti
1648 2720 1770 2785 abbatis
1791 2721 1921 2805 regula⁴

306 2825 474 2909 praeclaris
495 2824 656 2908 obsequiis
677 2825 780 2888 ‹lodita
792 2824 993 2908 conglobavit
1009 2827 1200 2887 monasticae
1215 2825 1444 2904 mediastinum,
1465 2830 1628 2907 tamquam
1643 2845 1661 2886 a
1683 2832 1791 2887 sancto
1807 2825 1921 2907 spiritu

306 2928 424 3011 prolate
446 2927 612 2992 sufficiant.

269 3051 297 3089 :a
407 3033 434 3096 9.
477 3029 633 3106 Quoniam
657 3029 779 3112 liquido
800 3036 938 3108 canstat,
960 3031 1189 3093 monachorum
1205 3031 1481 3113 congregationem
1502 3029 1623 3113 absque
1644 3028 1757 3094 abbate
1778 3028 1920 3093 eiusdem

307 3133 427 3196 ordinis
446 3151 516 3196 esse
537 3153 600 3195 non
624 3151 732 3215 posse,
760 3133 927 3216 eligendus
948 3140 995 3196 est
1017 3135 1098 3196 inter
1120 3153 1174 3197 cos
1197 3133 1247 3195 vir
1267 3133 1429 3197 modestus
1450 3142 1480 3197 et
1499 3133 1641 3217 prudens
1655 3118 1731 3196 ¹una
1752 3152 1825 3196 oum
1847 3152 1923 3195 con·

307 3256 404 3300 sensu
431 3237 567 3319 episcopi
597 3236 749 3314 civitatiS,
778 3237 871 3299 cuius
898 3256 932 3299 se
957 3236 1172 3317 suffraganeos
1198 3235 1265 3299 foro
1293 3246 1498 3319 cognoscant,
1536 3237 1612 3319 quia
1643 3237 1706 3299 iam
1735 3235 1921 3319 regulariter

307 3341 413 3402 vivere
433 3338 553 3416 didicit,
580 3344 611 3400 et
632 3344 740 3400 sancto
762 3337 880 3403 studio.
901 3347 995 3421 prout
1016 3338 1091 3401 ordo
1113 3338 1269 3416 regularis
1291 3339 1391 3421 poscit
1411 3339 1572 3416 insistere,
1594 3358 1630 3401 ac
1651 3337 1868 3417 subditorum,
1891 3338 1924 3400 si

307 3462 370 3524 qua
392 3449 482 3514 siant,
504 3440 604 3503 valeat
625 3446 727 3502 errata
747 3441 914 3522 corrigere.

269 3565 295 3601 ao
410 3546 453 3608 lu.
496 3540 637 3618 Qualiter
655 3561 729 3604 cum
751 3541 914 3605 monachis
936 3543 1004 3605 suis
1015 3540 1113 3605 abbas
1126 3542 1306 3604 conversari
1321 3540 1446 3604 debeat:
1469 3540 1611 3604 eiusdem
1634 3540 1762 3623 regulae
1783 3538 1919 3603 affluen-

307 3645 392 3709 tibus
413 3644 603 3708 informutus
623 3645 830 3722 testimoniis,
852 3643 967 3707 directo
988 3644 1067 3707 calle
1089 3664 1153 3726 qua
1175 3644 1311 3707 trahitur
1331 3645 1487 3707 virtutum
1508 3644 1658 3706 exercitia
1678 3649 1899 3726 prosequatur.

412 3751 453 3810 ll.
495 3747 642 3830 Aquoet
658 3746 817 3829 quomodo
837 3746 949 3828 corrigi
971 3744 1069 3809 abbas
1092 3746 1292 3829 neglegenter
1311 3765 1408 3828 agens
1429 3745 1548 3821 debeat,
1569 3764 1669 3808 canon
1685 3743 1921 3808 calcidonensis

306 3849 385 3912 titul.
421 3847 507 3910 VIII.
536 3848 699 3910 evidenter
725 3849 884 3931 exponit,⁵
909 3868 982 3910 cum
1009 3847 1216 3932 abepiscopo
1244 3848 1303 3911 loci
1329 3848 1521 3911 dissilienter
1542 3848 1767 3910 communione
1795 3848 1921 3930 privare

308 3970 370 4013 non
391 3949 541 4033 ambigat.

269 4073 296 4114 aa
409 4054 454 4117 1⁶2.
496 4051 542 4116 De
563 4054 763 4116 monasteriis
788 4052 977 4114 feminarum
1007 4053 1040 4114 in
1070 4054 1221 4116 canonico
1251 4053 1299 4115 rel
1327 4051 1464 4135 regulari
1492 4051 1601 4114 ordine
1627 4052 1825 4123 constitutis,
1856 4070 1920 4134 quo

308 4156 416 4218 ordine
437 4157 556 4219 censeri
584 4157 792 4232 conveniant,
822 4157 963 4237 ipsorum
983 4174 1095 4238 nempe
1113 4156 1278 4218 nominum
1303 4154 1523 4235 aetlrimologia
1538 4154 1745 4232 demonstrat3
1768 4155 1921 4216 canonica

308 4255 424 4317 seilicet
445 4257 608 4333 canonice,
629 4257 786 4338 regularia
808 4256 1008 4339 regularibus
1029 4257 1239 4340 mancipando
1262 4257 1399 4320 modulis
1420 4257 1598 4320 edocentur.

410 4361 456 4421 13.
500 4356 546 4421 De
569 4359 626 4421 hac
647 4359 784 4442 profecto
806 4359 1005 4423 institutione
1024 4363 1175 4422 canoniea
1190 4378 1271 4442 quae
1283 4357 1577 4421 sanctimonialibus
1597 4359 1758 4438 congruit,
1780 4364 1916 4440 augusto

307 4461 426 4543 pridem
450 4461 646 4525 celsitudinis
667 4464 902 4525 instrumenta6
922 4464 1145 4546 cognovimus3
1168 4461 1389 4545 sedquomodo
1405 4461 1589 4543 disciplinae
1608 4459 1703 4522 officii
1715 4458 1917 4523 ecclesiastici

268 4586 296 4623 ao
308 4564 444 4626 nimium
466 4565 605 4646 neglecta
627 4584 683 4648 per
700 4564 841 4627 studium
864 4564 1067 4638 reformetur,
1090 4564 1235 4628 nonnulli
1250 4566 1313 4627 iam
1325 4564 1540 4647 experimento
1562 4561 1752 4645 probarunt,
1772 4562 1828 4644 qui
1849 4579 1916 4624 sco·

308 4665 369 4727 lam
392 4664 574 4729 doctoribus
585 4667 817 4750 deputarunt3⁷
839 4669 870 4729 in
887 4668 1068 4730 huiusmodi
1084 4669 1255 4731 certamine
1267 4666 1435 4743 tardiores
1456 4672 1618 4748 tamquam
1633 4665 1743 4727 delicto
1756 4663 1920 4746 dispensa·

308 4767 403 4830 tionis
423 4770 610 4852 postposite,
632 4771 693 4832 nisi
716 4788 750 4831 se
769 4771 979 4849 correxerint,
1003 4768 1132 4832 obnoxii
1155 4775 1331 4832 teneantur.

408 4990 437 5056 d)
456 4995 569 5058 excepte
579 5006 604 5040 c.

410 5188 440 5258 1)
464 5189 488 5244 l.
501 5190 569 5242 Τιἠι.
579 5190 606 5260 3,
616 5189 644 5242 4.
706 5190 735 5257 2)
753 5191 939 5245 Geduiidcer.
950 5190 1574 5261 273nmnanaeo950mmuurnopaaa,qua
1583 5189 1919 5244 tridaurcaceclcsiualicnc

269 5303 297 5340 ⁴5
307 5290 430 5360 partibor
437 5289 605 5341 deciduntur.
626 5283 723 5361 (Cone.
737 5290 817 5343 Τοῖα.
828 5291 872 5342 IX
879 5289 980 5358 a.655,
994 5307 1016 5341 o.
1028 5288 1067 5357 o.)
1108 5289 1138 5359 3)
1149 5289 1252 5341 Forma
1261 5289 1434 5342 imitationis
1442 5290 1633 5340 canonicorom
1642 5288 1917 5342 ammianum.

309 5387 419 5455 (Monoi
424 5386 473 5439 XI
477 5386 505 5451 l',
515 5386 571 5438 147
579 5417 591 5428 -
600 5387 680 5451 277.)
713 5385 743 5456 4)
757 5387 817 5456 Cfr.
826 5405 911 5458 stupra
920 5378 933 5451 1
931 5385 1038 5456 11343)
1044 5387 1124 5457 capit.
1133 5387 1311 5439 monosticum
1320 5404 1346 5437 o.
1357 5385 1425 5440 817.
1467 5383 1495 5453 5)
1513 5384 1594 5438 Coae.
1606 5385 1700 5439 L'lrulc.
1710 5402 1770 5438 cau.
1780 5385 1811 5440 8:
1820 5386 1918 5438 ‘accub

309 5485 640 5555 opiscopomodabsila'nal.
661 5486 784 5547 Qoiocro
792 5487 1016 5538 «admoveram
1024 5484 1210 5537 baiamccmodi
1214 5483 1721 5554 sanium..commoaioacpriocntor.’
1762 5482 1919 5553 6)Foaanoo

308 5566 1013 5655 macmaanoaromqaaaumaom,
1025 5584 1170 5653 cfraapm
1179 5582 1272 5635 aona.
1314 5580 1343 5652 a>
1363 5580 1528 5648 annosam
1543 5580 1918 5656 mammaemamma-

309 5678 401 5746 mun,
412 5680 485 5734 Actu
493 5679 586 5734 Soact.
598 5680 666 5734 Ord.
675 5682 779 5735 Borcd.
788 5682 810 5734 I
813 5681 859 5752 γ’,
872 5680 949 5746 211.)
