4380 6248
802 366 947 422 KAROLI
970 367 1096 423 MAGNI
1117 365 1386 425 CAPITULARIX

532 545 656 621 Haec·
681 561 769 621 sunt
795 547 958 646 capitula
984 572 1080 645 quae
1108 547 1267 622 domnus
1295 547 1458 623 Karolus
1487 576 1643 651 magnus

407 669 609 770 imperator
644 669 754 744 iussit
788 669 949 744 scribere
983 669 1020 743 in
1056 670 1210 744 consilio
1246 697 1313 744 suo
1349 685 1386 744 et
1416 671 1522 745 iussit
1558 698 1620 746 cas
1655 699 1791 772 ponere

923 791 1019 866 iuter
1043 792 1134 866 alias
1160 792 1275 893 leges.

391 934 464 1045 De
483 981 681 1046 homicidiisb
702 981 898 1045 elericorum.
942 982 1013 1045 Si⁶¹
1038 983 1129 1065 quisc
1151 982 1381 1047 subdiaconum
1399 984 1560 1063 occiderit,
1584 982 1658 1048 000
1679 984 1795 1049 solidos
1815 1004 1900 1048 oom-

236 1101 253 1141 a
289 1088 402 1168 ponat,
432 1084 488 1167 qui
509 1084 707 1164 diaeonuml,
734 1082 865 1160 CCCC⁴³3
894 1085 950 1167 qui
976 1083 1199 1167 presbiterum,
1224 1083 1293 1164 DC,
1321 1087 1377 1169 qui
1398 1088 1597 1170 episcopum,
1628 1085 1758 1150 DGCCG
1783 1087 1900 1150 solidos

289 1191 472 1271 componas
494 1186 566 1269 quir
584 1186 793 1265 monachum,
815 1184 933 1249 0000κ
954 1185 1061 1250 solidis
1082 1185 1248 1270 culpabilis
1267 1187 1446 1252 iudiceturf.

390 1289 439 1352 2¹².
481 1286 515 1352 Si
536 1289 611 1371 quis
631 1288 666 1350 in
691 1289 912 1351 emunitatem¹
942 1287 1095 1351 damnum
1122 1288 1243 1370 aliquid
1268 1289 1390 1372 feeerit,
1420 1289 1475 1354 DC
1501 1290 1618 1355 solidos
1644 1298 1819 1374 componat.
1868 1291 1900 1354 Si

290 1396 397 1454 autern
418 1389 512 1453 homo
532 1389 655 1453 furtum
676 1395 732 1452 aut
751 1389 956 1452 homicidium
984 1388 1034 1452 rel
1063 1388 1224 1472 quodlibet
1250 1392 1371 1455 crimen
1394 1392 1469 1455 foris
1491 1393 1691 1456 committens
1712 1392 1791 1456 infra
1813 1412 1902 1456 emu-

291 1492 422 1556 nitatem
441 1491 573 1576 lugerit,
597 1491 726 1556 mandet
751 1510 857 1555 comcs
877 1491 928 1554 vel
948 1493 1093 1575 episeopo
1119 1492 1168 1554 vel
1187 1491 1292 1556 abbati
1314 1494 1382 1557 velk
1406 1494 1603 1558 vicedomino
1630 1494 1680 1558 vel
1706 1496 1901 1578 quicumque

242 1610 270 1650 ro
291 1593 396 1657 locum
422 1595 560 1677 episcopi
584 1594 633 1657 vel
660 1593 796 1657 abbatis¹
827 1595 979 1672 tenuerit,
1008 1601 1043 1656 ut
1069 1593 1178 1657 reddat
1198 1595 1228 1658 ei
1248 1614 1348 1658 reum.
1398 1596 1432 1660 Si
1457 1596 1509 1660 ille
1529 1597 1755 1660 contradixerit
1775 1604 1806 1661 et
1826 1616 1900 1662 eum

290 1695 419 1761 reddere
440 1696 592 1776 noluerit,
619 1697 654 1759 in
675 1697 776 1780 prima
796 1695 1042 1760 contradictione
1071 1695 1179 1759 solidis
1200 1695 1265 1760 XV
1286 1698 1450 1782 culpabilis
1478 1699 1650 1775 iudicetur;
1680 1700 1706 1762 si
1727 1699 1766 1761 ad
1789 1719 1901 1763 secun·

292 1799 365 1862 dam
387 1799 628 1881 inquisitionem
650 1817 724 1861 eum
745 1797 876 1860 reddere
897 1797 1047 1873 noluerit,
1075 1796 1175 1860 XXX
1203 1799 1311 1862 solidis
1340 1800 1505 1884 culpabilis
1534 1802 1706 1879 iudicetur3
1734 1802 1761 1865 si
1783 1820 1840 1864 nec
1862 1800 1900 1863 ad

291 1900 415 1964 tertiam
436 1901 614 1965 consentire
636 1899 789 1977 noluerit,
816 1900 969 1983 quicquid
997 1919 1071 1963 reus
1097 1900 1250 1963 damnum
1277 1900 1410 1977 fecerat,
1438 1910 1539 1965 totum
1568 1902 1620 1966 illo
1647 1904 1703 1986 qui
1726 1923 1799 1966 eum
1821 1902 1901 1965 infra

291 2005 498 2066 emunitatem
519 2003 632 2066 retinet
658 2021 716 2065 nee
743 2001 871 2065 reddam
897 2001 967 2064 vult
994 2002 1115 2066 solvere
1142 2009 1286 2086 cogatur,
1313 2009 1343 2065 et
1369 2004 1435 2086 ipse
1461 2023 1566 2067 eomes
1587 2005 1719 2067 veniens
1741 2004 1900 2068 licentiam

243 2124 272 2164 rs
292 2104 404 2169 babeat
424 2106 529 2188 ipsum
551 2104 711 2167 hominem
733 2103 814 2166 infra
835 2104 1039 2167 emunitatem
1062 2104 1249 2186 quaerendi,
1278 2104 1473 2188 ubicumque
1498 2124 1572 2169 eum
1594 2107 1737 2168 invenire
1758 2107 1901 2188 potuerit.

291 2206 325 2271 Si
345 2214 452 2271 autem
473 2207 579 2270 statim
600 2207 631 2268 in
655 2207 757 2290 prima
777 2207 982 2289 inquisitione
1003 2207 1110 2269 comiti
1131 2225 1317 2290 responsum
1340 2207 1449 2286 fuerit,
1476 2208 1560 2290 quod
1583 2228 1656 2271 reus
1678 2208 1758 2270 infra
1778 2209 1902 2270 emuni-

291 2314 385 2373 tatem
409 2309 537 2393 quidem
545 2309 658 2372 fuisset
678 2309 732 2372 sed
750 2309 826 2392 luga
836 2309 944 2392 lapsus
964 2309 1020 2388 sit,
1041 2310 1145 2372 statim
1158 2310 1267 2372 iuret'ln
1289 2309 1374 2392 quod
1390 2311 1456 2393 ipse
1468 2329 1541 2372 eum
1555 2310 1594 2372 ad
1616 2311 1774 2372 iusticiam
1795 2311 1902 2372 cuius-

291 2411 366 2476 libet
387 2411 611 2475 disfaciendam
631 2411 734 2494 fugire
760 2430 824 2474 non
846 2411 985 2491 fecisset,
1013 2419 1043 2474 et
1070 2413 1111 2474 sit
1137 2413 1164 2475 ei
1191 2412 1225 2474 in
1254 2413 1313 2475 lroc
1339 2412 1543 2475 satisfactum.
1591 2411 1624 2475 Si
1646 2418 1751 2475 autem
1773 2412 1901 2475 intranti

291 2515 325 2576 in
348 2515 449 2597 ipsam
470 2513 675 2577 emunitatem
697 2514 803 2576 comiti
825 2512 953 2576 collecta
976 2533 1074 2576 manu
1096 2513 1229 2596 quilibet
1248 2514 1393 2577 resistere
1416 2515 1630 2597 temptaverit,
1655 2533 1761 2577 comes
1781 2514 1840 2577 boe
1862 2514 1902 2577 ad

244 2634 273 2674 ao
292 2634 397 2700 regern
418 2614 469 2678 vel
491 2615 530 2678 ad
551 2615 725 2698 principem
747 2614 864 2678 deferat
884 2615 993 2698 ibique
1014 2616 1186 2695 iudicetur,
1207 2624 1261 2695 ut,
1283 2617 1365 2679 sicut
1385 2615 1437 2679 ille
1458 2617 1512 2698 qui
1534 2616 1568 2677 in
1587 2617 1794 2679 emunitatem
1816 2616 1902 2679 dam·

293 2738 371 2782 uum
396 2718 470 2781 fecit
495 2715 550 2780 De
578 2716 694 2780 solidos
722 2736 898 2800 conponere
925 2717 1048 2792 debuit,
1083 2719 1126 2782 ita
1149 2720 1204 2801 qui
1233 2719 1338 2782 comiti
1365 2717 1492 2781 collecta
1520 2737 1618 2781 manu
1647 2719 1790 2782 resistere
1816 2736 1903 2801 prae·

292 2820 463 2903 sumpserit
483 2817 539 2882 De
560 2817 668 2883 solidis
689 2817 854 2902 culpabilis
875 2819 1041 2882 iudicetur.

390 2925 439 2987 3¹².
483 2920 515 2985 Si
539 2922 612 3004 quis
633 2921 672 2984 ad
694 2921 858 2984 ecelesiam
881 2922 1065 3005 confugium
1076 2922 1197 2998 feeerit,
1219 2923 1252 2984 in
1269 2923 1347 2985 atrio
1366 2923 1466 3005 ipsius
1484 2921 1632 2985 eeclesiae
1650 2940 1760 3004 pacem
1782 2919 1903 3000 lrabeat,

294 3044 352 3089 nec
372 3026 413 3089 sit
434 3025 463 3088 ei
484 3041 614 3089 neeesse
635 3023 799 3087 ecclesiam
823 3023 961 3107 ingredi,
983 3032 1013 3087 et
1034 3024 1142 3087 nullus
1163 3043 1237 3087 eum
1257 3023 1331 3087 inde
1348 3043 1404 3108 per
1421 3025 1486 3086 vim
1511 3023 1690 3087 abstrahere
1708 3030 1902 3107 praesumat3

245 3144 273 3184 2⁵
292 3127 348 3191 sed
370 3127 461 3191 liceat
481 3128 510 3190 ei
526 3125 670 3190 confiteri
692 3125 777 3208 quod
799 3126 872 3188 feeit
893 3131 924 3190 et
944 3126 1018 3189 inde
1038 3145 1093 3209 per
1113 3146 1229 3190 manus
1249 3126 1405 3190 bonorum
1426 3128 1591 3190 hominum
1613 3126 1651 3189 ad
1674 3126 1902 3190 discussionem

292 3231 324 3293 iu
349 3228 475 3313 publico
496 3229 693 3313 perducatur.

392 3333 440 3396 4⁰.
482 3331 515 3395 Si
537 3333 610 3415 quis
631 3330 793 3394 hominem
816 3333 846 3393 in
864 3330 979 3394 iudicio
993 3332 1110 3393 iniuste
1123 3338 1231 3394 contra
1245 3331 1306 3394 alio
1321 3330 1522 3394 altercantem
1545 3331 1695 3395 adiuvare
1716 3348 1771 3413 per
1784 3329 1903 3391 malum

292 3434 459 3519 ingenium
485 3434 732 3518 praesumpserit
759 3439 855 3515 atque
890 3433 965 3496 inde
996 3452 1101 3495 eoram
1135 3433 1294 3497 iudicibus
1325 3433 1372 3497 rel
1402 3434 1516 3496 comite
1547 3432 1727 3515 increpatus
1753 3431 1847 3494 urent
1874 3438 1905 3493 et

293 3553 408 3620 negare
428 3555 492 3598 non
515 3535 667 3618 potuerit,
688 3534 797 3597 solidis
817 3532 880 3596 XV
903 3534 1068 3618 culpabilis
1092 3535 1255 3598 iudicetur.

246 3656 273 3696 aa
392 3639 440 3703 5¹¹.
481 3637 607 3719 Siquis
628 3636 666 3700 de
682 3635 825 3699 libertato
843 3656 901 3699 sua
917 3638 1012 3700 luerit
1035 3637 1250 3721 interpellatus
1268 3644 1298 3701 et
1316 3638 1430 3700 timens
1451 3656 1492 3700 ne
1504 3636 1537 3698 in
1557 3636 1720 3699 servitium
1742 3635 1832 3698 eadat
1850 3634 1905 3697 ali·

294 3758 390 3824 quem
403 3738 442 3803 de
454 3739 641 3823 propinquis
656 3739 739 3815 suis,
754 3756 916 3821 perquem
931 3741 1008 3802 sein
1025 3741 1187 3802 servitium
1202 3759 1350 3803 rasurum
1364 3740 1495 3818 timens,
1510 3737 1659 3801 occiderit
1674 3737 1704 3799 id
1718 3745 1765 3800 est
1776 3745 1905 3821 patrem,

294 3848 459 3921 manens,
480 3840 670 3924 patruelem,
691 3840 891 3903 avunculum
912 3841 963 3904 vel
986 3840 1159 3923 quamlibet
1169 3841 1350 3905 huiusmodi
1373 3840 1616 3925 pmpinquitatis
1636 3858 1817 3922 personam,
1839 3840 1906 3921 ipse

295 3944 351 4027 qui
373 3942 432 4006 boc
452 3943 677 4026 perpetraverit
697 3943 865 4018 moriatur,
887 3943 1012 4026 agnatio
1033 3963 1108 4006 vero
1129 3949 1159 4006 et
1180 3944 1439 4026 consanguinitas
1457 3944 1527 4006 eius
1548 3944 1580 4004 in
1603 3942 1785 4005 servitutem
1808 3941 1904 4003 caelat.

293 4044 334 4109 Et
362 4045 572 4129 sinegaverit
600 4063 634 4107 se
660 4044 750 4107 illum
783 4044 948 4123 caecidisse,
977 4046 1015 4108 ad
1045 4064 1158 4109 noveru
1185 4064 1328 4109 iuniores
1357 4046 1471 4128 ignitos
1498 4045 1613 4108 iudicio
1634 4041 1692 4106 Dei
1721 4044 1905 4106 examinan-

246 4166 274 4207 ω
293 4148 353 4211 dus
374 4147 509 4211 accedat.

393 4252 435 4315 6¹.
479 4246 557 4325 Qui·
586 4268 636 4313 res
667 4268 742 4311 suas
773 4268 829 4330 pro
866 4251 971 4313 anima
1005 4271 1062 4313 suu
1089 4250 1128 4312 ad
1157 4269 1261 4312 easmu
1292 4246 1351 4312 Dei
1387 4249 1508 4312 tradere
1536 4246 1684 4319 voluerit,
1715 4246 1813 4309 domi¹
1843 4256 1904 4308 tra·

393 4464 420 4534 a)
443 4464 846 4536 Haeoa'nacrqrtioecocb'eeb.
947 4466 977 4535 b')
1000 4463 1247 4520 acclamasset.
1351 4464 1378 4528 c)
1399 4461 1620 4531 inl-meni
1640 4461 1699 4514 rell.
1807 4462 1836 4528 df»
1860 4463 1904 4516 vel

294 4545 597 4600 mouaebnmndd.19.
670 4551 697 4611 e)
719 4547 767 4618 qui
780 4542 1322 4600 monachumsimiliterCCCCudd.30.
1390 4544 1419 4613 f)
1441 4541 1697 4607 Qui...iudieetur
1709 4559 1761 4594 ean.
1771 4541 1849 4595 ’1.19.
1859 4542 1904 4595 39.

293 4624 323 4699 g)
345 4623 501 4681 CCCXLV.
514 4625 628 4680 eones.
695 4627 725 4691 hl
747 4626 791 4681 De
805 4628 936 4681 elarnnurn
951 4626 980 4679 iu
993 4626 1145 4680 eritrrnitate
1159 4624 1263 4679 facturn
1277 4625 1352 4678 rubr.
1364 4623 1407 4678 14.
1442 4623 1486 4677 De
1499 4641 1533 4678 eo
1546 4623 1594 4693 qui
1607 4621 1666 4676 sine
1682 4622 1815 4676 monitate
1829 4623 1904 4676 darn·

245 4720 275 4759 aa
295 4723 361 4762 uum
374 4704 526 4761 feccritld.
547 4705 592 4761 De
606 4707 782 4761 monitaturn.
803 4706 847 4761 De
862 4707 905 4761 his
918 4707 965 4777 qui
987 4706 1058 4759 iufra
1071 4706 1233 4759 mouitatem
1247 4705 1414 4776 confugiunt
1425 4704 1470 4759 rel
1482 4705 1612 4758 damnum
1626 4701 1731 4772 aliquid
1744 4701 1851 4756 faciunt
1860 4702 1903 4756 la.

295 4787 499 4857 astipulanda.
510 4804 566 4840 aon
578 4787 676 4840 hamt
688 4788 811 4840 rudricus
828 4787 882 4840 nisi
892 4788 920 4839 in
930 4787 1017 4857 (rapite
1022 4787 1113 4856 prinae
1119 4806 1130 4853 ;
1149 4786 1182 4837 P.
1196 4786 1269 4855 quaes
1275 4786 1379 4856 piortim
1391 4803 1405 4838 e
1419 4786 1480 4837 eorl.
1491 4784 1540 4852 19,
1557 4782 1660 4853 purtim
1673 4798 1705 4834 ac
1715 4782 1845 4851 Aesepia«)
1859 4784 1904 4835 dc·

294 4867 415 4939 numquit.
497 4866 518 4938 i)
543 4866 738 4921 inmunitatem
754 4868 805 4920 ulii
816 4869 898 4921 codd.
978 4865 1288 4934 kj÷iutlieevel‹1da.1.
1367 4866 1388 4930 l)
1410 4864 1605 4919 relabbatissa
1618 4863 1685 4915 add.
1694 4861 1719 4916 3.
1796 4862 1834 4931 m)
1856 4863 1904 4933 qui

294 4948 386 5003 locum
401 4947 525 5019 episcopi
540 4947 702 5002 velabbatis
713 4948 834 5002 tenuerit
848 4950 916 5000 add.
926 4947 970 5001 25.
979 4947 1024 4999 ⁶26.
1106 4944 1135 5016 u)
1157 4945 1200 4999 De
1212 4964 1245 5000 eo
1257 4946 1312 5013 qhis
1323 4944 1370 5012 19)
1386 4945 1434 5015 qui
1449 4944 1484 4998 ad
1497 4943 1642 4998 ecelesiam
1658 4942 1815 5014 confugerit
1829 4952 1905 5012 {eorr-

294 5026 403 5099 iugium
416 5026 525 5082 faciunt
533 5025 582 5096 19)
596 5027 670 5080 rubr.
683 5028 712 5080 ia
720 5027 764 5080 13.
775 5027 818 5080 19.
869 5027 897 5082 ol
919 5027 963 5081 De
978 5045 1011 5081 eo
1024 5027 1070 5097 qui
1082 5025 1168 5080 aliurn
1180 5025 1281 5080 iniuste
1293 5025 1321 5078 in
1331 5025 1409 5079 litem
1420 5024 1550 5078 adiurare
1561 5023 1760 5093 presumpserit
1771 5024 1846 5076 made.
1854 5023 1905 5092 133

246 5122 276 5163 aa
293 5106 339 5163 De
352 5107 396 5162 his
411 5107 459 5180 qui
473 5124 525 5179 per
538 5107 642 5162 malurn
655 5107 796 5178 ingenium
809 5107 895 5161 aliurn
910 5107 1083 5162 auxiliaverit
1098 5106 1173 5158 run.
1183 5105 1226 5159 19.
1295 5105 1323 5176 p)
1346 5105 1390 5159 De
1404 5104 1498 5174 coqui
1513 5104 1707 5173 interpellatus
1720 5109 1761 5157 est
1774 5104 1808 5158 de
1823 5103 1905 5157 liber·

294 5194 352 5243 tate
361 5188 436 5242 rubr.
446 5188 497 5258 133
532 5187 576 5243 De
590 5187 634 5241 his
645 5187 693 5257 qui
705 5187 857 5259 ingenuare
871 5189 968 5242 volunt
980 5188 1054 5239 maor.
1066 5187 1110 5239 19.
1207 5186 1236 5256 q}
1258 5185 1372 5240 attritam
1387 5185 1454 5238 (add.
1468 5185 1534 5237 Bal.
1545 5191 1640 5237 cotnra
1652 5184 1776 5236 codicem
1788 5185 1905 5236 ‹aiaton-

295 5275 384 5323 maa.
488 5267 513 5338 r)
535 5267 625 5323 Deeo
643 5267 748 5338 quires
766 5286 829 5322 suas
849 5269 884 5323 ad
897 5286 988 5322 casam
1003 5266 1057 5321 Dei
1079 5267 1206 5337 delegare
1225 5266 1364 5321 voluerint
1381 5264 1516 5333 raadal33
1537 5283 1554 5316 o
1573 5265 1634 5317 eod.
1645 5263 1681 5317 19
1701 5264 1797 5317 absum
1816 5265 1903 5334 rupti

294 5356 399 5419 ἄκη.
479 5347 503 5416 s)
524 5347 554 5403 Si
567 5346 664 5420 quia3.
745 5347 767 5418 t)
788 5347 1037 5417 demnil;domini
1046 5347 1092 5400 36.

399 5547 820 5621 qmammma

347 5660 629 5701 OEGAPIWMBML
