4380 6248
268 359 331 421 351
734 362 1020 417 ΑΒΒΙΤΑΜΕΝΤΑ
1041 363 1095 417 ΑΙ)
1116 361 1344 420 llLL'DOWICl
1365 364 1417 418 Pll

369 538 439 602 Has
451 558 562 602 omnes
574 539 802 621 suprascriptas
813 540 1009 620 provincias,
1032 538 1127 602 urbes
1138 547 1169 604 et
1179 541 1334 618 civitates,
1355 539 1469 623 oppida
1484 545 1580 621 atque
1601 539 1743 615 castella,
1764 538 1882 603 viculos

266 660 305 704 ac
327 642 481 705 territoria
511 640 671 724 simulque
700 647 731 704 et
757 641 945 722 patrimonia
968 641 1133 704 iamdictae
1154 642 1302 706 ecclesiae
1330 652 1417 718 tuae,
1447 641 1535 705 beate
1555 640 1650 705 Petre
1674 641 1830 725 apostole,
1854 650 1883 705 et

268 763 326 827 per
347 749 378 807 te
399 745 516 806 vicario
538 749 594 806 tuo
616 742 770 825 spirituali
793 743 874 824 patri
895 749 1011 819 nostro,
1032 742 1148 806 domno
1171 742 1317 807 Paschali
1342 763 1469 808 summo
1491 742 1631 826 pontifici
1661 754 1692 807 et
1713 742 1882 807 universali

268 865 365 930 papae
386 846 521 928 eiusque
543 844 779 908 successoribus
805 863 908 926 usque
935 845 969 907 in
1000 844 1096 908 finem
1124 845 1223 909 seculi
1248 865 1285 910 eo
1312 847 1405 909 modo
1431 845 1674 921 confirmamus,
1702 854 1738 909 ut
1765 847 1799 909 in
1827 866 1883 910 suo

267 949 429 1012 detineant
449 949 528 1027 iure,
548 948 725 1030 principatu
747 965 784 1009 ac
806 945 933 1009 ditione.
1906 979 1918 1017 ὓ

369 1050 472 1115 Simili
493 1049 588 1112 modo
608 1068 664 1131 per
685 1047 742 1111 hoc
765 1054 891 1111 nostrae
901 1047 1151 1112 confirmationis
1163 1049 1326 1112 decretum
1336 1048 1502 1114 fimramus
1517 1051 1713 1129 donationes,
1734 1070 1816 1134 quas
1836 1052 1885 1135 pie

266 1153 493 1217 recordationis
507 1152 643 1215 domnus
654 1149 788 1233 Pipinus
810 1168 867 1213 rex
889 1170 969 1213 avus
992 1157 1107 1230 noster,
1128 1157 1158 1214 et
1180 1157 1288 1234 postea
1309 1151 1447 1215 domnus
1468 1160 1499 1216 et
1519 1153 1644 1235 genitor
1665 1160 1775 1216 noster
1788 1151 1885 1216 Karo-

268 1256 319 1318 lus
341 1257 509 1338 imperator
532 1254 620 1316 beato
645 1252 784 1336 apostolo
806 1251 898 1315 Petro
921 1259 1093 1335 spontanea
1115 1253 1276 1316 voluntate
1297 1254 1515 1333 contulerunt,
1544 1273 1670 1318 necnon
1696 1263 1728 1319 et
1753 1274 1884 1319 censum

266 1365 300 1421 et
320 1358 504 1440 pensionem
532 1375 589 1418 seu
610 1362 729 1418 ceteras
757 1353 925 1434 dationeS,e
955 1374 1037 1436 quae
1062 1356 1229 1418 annuatim
1256 1357 1290 1418 in
1318 1355 1470 1439 palatium
1497 1358 1580 1441 regis
1602 1357 1884 1440 longobardorum

269 1461 381 1523 inferri
407 1458 565 1529 solebant,
597 1458 664 1520 sive
693 1457 731 1519 de
758 1455 873 1519 Tuscia
901 1454 1195 1540 longobardorum,
1227 1459 1294 1522 sive
1324 1459 1363 1522 de
1391 1458 1508 1522 ducatu
1537 1458 1712 1543 Spoletina,
1742 1461 1826 1522 sicut
1854 1462 1920 1524 166

272 1562 494 1645 suprascriptis
521 1557 745 1622 donationibus
771 1559 965 1638 continetur,
997 1566 1029 1622 et
1055 1561 1138 1622 inter
1163 1567 1290 1623 sanctae
1320 1562 1490 1624 memoriae
1512 1561 1691 1625 Adrianum
1722 1570 1886 1646 papamet

272 1665 427 1727 domnum
455 1682 491 1725 ac
510 1663 685 1745 genitorem
707 1665 853 1723 nostrum
875 1659 1030 1724 Karolum
1051 1663 1272 1744 imperatorem
1294 1664 1456 1742 convenit,
1486 1663 1614 1746 quando
1640 1664 1726 1727 idem
1745 1664 1885 1747 pontifex

268 1767 371 1830 eidem
399 1765 438 1828 16
467 1764 690 1848 suprascriptis
717 1762 900 1841 ducatibus,
925 1761 957 1825 id
986 1767 1034 1826 est
1059 1761 1203 1827 Tuscano
1231 1771 1262 1828 et
1288 1764 1462 1849 Spoletino,
1490 1785 1567 1829 suae
1593 1767 1792 1830 auctoritatis
1820 1786 1886 1849 pre

269 1871 396 1947 ceptum
417 1862 630 1944 continuavit,
651 1883 688 1928 66
710 1864 829 1928 scilicet
850 1863 956 1943 modo,
978 1871 1014 1928 ut
1034 1867 1128 1928 anuis
1151 1867 1287 1949 singulis
1310 1867 1470 1950 predictus
1491 1886 1606 1931 census
1630 1868 1784 1933 ecelesiae
1805 1867 1884 1932 beati

268 1966 354 2029 Petri
376 1966 506 2048 apostoli
528 1966 738 2049 persolvatur,
764 1966 851 2028 salva
878 1985 974 2048 super
999 1967 1126 2031 eosdem
1148 1968 1284 2032 ducatus
1305 1976 1413 2032 nostra
1438 1970 1472 2032 in
1498 1969 1648 2034 omnibus
1670 1970 1885 2035 dominatione
1895 1998 1919 2037 6

267 2078 299 2131 ct
320 2068 445 2131 illorum
469 2068 507 2130 ad
530 2073 669 2131 nostram
691 2075 811 2151 partem
833 2068 1036 2131 subiectione.

369 2170 531 2249 Ceterum,
558 2172 641 2233 sicut
662 2171 817 2248 diximus,
844 2172 951 2233 omnia
973 2162 1120 2254 superiu‘s
1141 2173 1302 2236 nominata
1323 2174 1364 2236 ita
1386 2173 1425 2236 ad
1449 2181 1585 2237 vestram
1608 2184 1729 2256 partem
1750 2193 1808 2257 per
1828 2174 1883 2237 hoc

269 2280 396 2337 nostrae
418 2273 667 2336 confirmationis
689 2272 849 2336 decretum
871 2272 1065 2349 roboramus
1089 2283 1123 2336 ut
1144 2276 1177 2337 in
1194 2283 1297 2338 vestro
1312 2283 1555 2358 vestrorumque
1576 2295 1798 2339 successorum
1819 2296 1883 2359 per·

270 2385 419 2439 maneant
438 2377 521 2455 iure,
544 2375 721 2458 principatu
743 2384 838 2458 atque
859 2375 991 2454 ditione,
1021 2385 1056 2438 ut
1084 2395 1225 2458 nequeo
1250 2376 1342 2439 nobis
1365 2396 1469 2460 neque
1490 2397 1507 2439 a
1529 2376 1602 2440 liliis
1624 2377 1675 2440 vel
1696 2379 1883 2441 successori·

269 2478 330 2542 bus
352 2479 468 2541 nostris
490 2497 545 2560 per
567 2475 729 2560 quodlibet
749 2483 975 2559 argumentum
997 2478 1064 2540 sive
1083 2476 1349 2540 machinationem
1373 2479 1405 2541 in
1428 2497 1632 2562 quacumque
1652 2489 1740 2562 66116
1762 2481 1918 2543 minua-a

269 2589 323 2646 tur
345 2590 449 2646 vestra
469 2588 620 2666 potestas,
647 2588 702 2645 661
728 2580 818 2644 vobis
845 2580 883 2643 de
915 2580 1137 2663 suprascriptis
1165 2579 1314 2643 omnibus
1342 2580 1392 2642 vel
1414 2581 1652 2644 successoribus
1672 2583 1788 2645 vestris
1814 2582 1883 2645 inde

269 2685 389 2768 aliquid
411 2684 631 2763 subtrahatur,
660 2683 698 2747 de
726 2684 948 2766 suprascriptis
972 2682 1117 2745 videlicet
1137 2683 1322 2765 provinciis,
1350 2681 1499 2757 urbibuS,
1526 2682 1726 2761 civitatibuS,
1754 2684 1884 2767 oppidis,

269 2788 390 2865 castris,
412 2787 536 2866 viculis,
558 2786 683 2863 insulis,
705 2786 870 2848 territoriis
891 2792 988 2867 atque
1008 2785 1221 2866 patrimoniiS,
1242 2804 1367 2847 necnon
1389 2793 1421 2848 et
1438 2785 1646 2868 pensionibus
1667 2796 1765 2869 atque
1786 2788 1883 2850 censi·

270 2888 341 2967 bus,
363 2890 405 2951 ita
427 2898 461 2952 ut
483 2907 586 2971 neque
609 2908 668 2950 nos
689 2907 725 2950 ea
747 2886 981 2963 subtrahamus,
1003 2905 1108 2969 neque
1129 2886 1325 2970 quibuslibet
1346 2886 1530 2950 subtrahere
1550 2887 1733 2950 volentibus
1753 2907 1882 2952 cousen-

271 2992 402 3068 tiamus,
431 2991 484 3054 sed
511 2991 615 3072 potius
645 2990 753 3052 omnia
780 3008 841 3071 que
871 2989 1018 3069 superius
1047 2989 1209 3072 leguntur,
1238 2988 1269 3051 id
1297 2996 1345 3053 est
1371 2990 1563 3073 provincias,
1592 2991 1752 3067 civitates,
1784 2990 1915 3065 urbesa

271 3092 396 3176 oppida,
419 3092 555 3169 castella,
576 3093 730 3153 territoria
752 3100 783 3154 et
804 3091 995 3173 patrimonia
1016 3100 1110 3174 atque
1131 3091 1267 3167 insulas,
1295 3110 1475 3174 censusque
1496 3101 1527 3156 et
1546 3093 1717 3175 pensiones
1738 3093 1883 3156 ecclesiae

270 3193 352 3257 beati
375 3193 459 3258 Petri
482 3194 612 3277 apostoli
635 3201 665 3257 et
686 3192 889 3276 pontificibus
911 3194 943 3256 in
966 3195 1176 3256 sacratissima
1198 3195 1284 3257 illius
1305 3194 1379 3258 sede
1400 3195 1433 3257 in
1455 3201 1643 3278 perpetuum
1663 3195 1883 3271 residentibus,

270 3297 302 3358 in
327 3305 484 3378 quantum
506 3316 686 3378 possumus,
708 3314 766 3357 nos
788 3295 957 3358 defendere
978 3296 1191 3378 promittimus
1213 3295 1251 3358 ad
1274 3295 1340 3373 hoc,
1363 3304 1398 3358 ut
1419 3298 1526 3359 omnia
1546 3316 1583 3360 ea
1603 3298 1637 3359 in
1660 3297 1749 3361 illius
1770 3298 1882 3362 ditione

269 3398 311 3461 ad
338 3397 491 3462 utendum
516 3398 686 3460 fruendum
716 3404 811 3479 atque
839 3396 1071 3480 disponendum
1092 3398 1226 3460 firmiter
1245 3398 1371 3462 valeant
1392 3401 1541 3482 optineri;
1570 3400 1760 3484 nullamque
1787 3402 1881 3465 ineis

274 3500 365 3565 nobis
396 3505 515 3583 partem
548 3507 602 3562 aut
633 3506 817 3582 potestatem
848 3499 1036 3581 disponendi
1067 3499 1115 3562 vel
1149 3500 1311 3563 iudicandi
1343 3500 1588 3565 subtrahendive
1618 3509 1676 3565 aut
1706 3503 1911 3566 minorandia

273 3603 496 3680 vendicamus,
525 3603 587 3664 nisi
608 3601 736 3683 quando
760 3600 799 3664 ab
821 3601 876 3663 illo
898 3602 954 3683 qui
975 3620 1012 3664 eo
1034 3608 1174 3683 ternpore
1197 3602 1292 3664 huius
1315 3610 1440 3666 sanctae
1460 3603 1610 3667 ecclesiae
1630 3604 1774 3687 regimen
1795 3615 1881 3669 tenu·

268 3707 329 3768 erit
349 3706 449 3787 rogati
469 3705 632 3766 fuerimus.
674 3701 717 3766 Et
740 3704 766 3766 si
789 3702 923 3785 quilibet
943 3703 1037 3765 homo
1059 3703 1097 3766 de
1119 3704 1307 3786 supradictis
1327 3704 1509 3769 civitatibus
1520 3705 1559 3769 ad
1571 3712 1709 3770 vestram
1722 3707 1880 3771 ecclesiam

271 3806 501 3891 pertinentibus
522 3807 561 3869 61
584 3826 642 3869 666
664 3807 795 3882 venerit,
818 3804 1002 3869 subtrahere
1024 3824 1058 3869 se
1076 3806 1186 3869 volens
1207 3806 1245 3870 de
1256 3814 1361 3895 vestra
1372 3807 1490 3871 ditione
1505 3818 1536 3871 et
1549 3816 1710 3892 potestate,
1730 3810 1780 3873 vel
1793 3810 1880 3873 aliam

272 3908 447 3992 quamlibet
468 3909 611 3989 iniquam
633 3907 901 3970 machinationem
925 3914 1070 3970 metuens
1092 3914 1147 3971 aut
1168 3908 1293 3990 culpam
1309 3910 1510 3972 commissam
1527 3911 1661 3993 lugiens,
1683 3910 1880 3975 nullomodo

271 4031 345 4076 eum
368 4010 458 4074 aliter
478 4012 667 4092 recipiemus
688 4012 750 4073 nisi
774 4010 812 4072 ad
835 4012 951 4073 iustam
974 4029 1029 4092 pro
1051 4029 1087 4073 eo
1108 4011 1284 4073 faciendam
1306 4012 1577 4092 intercessionem,
1606 4014 1649 4077 116
1670 4012 1910 4076 damtunam

272 4113 367 4196 culpa
388 4132 484 4196 quam
506 4114 663 4175 commisit
686 4112 819 4175 venialis
844 4112 938 4175 buerit
964 4112 1107 4188 inventa;
1131 4113 1179 4174 sin
1202 4112 1304 4185 aliter,
1332 4115 1594 4197 comprehensum
1618 4120 1724 4178 vestre
1743 4115 1880 4198 potestati

272 4234 347 4279 eum
369 4216 580 4278 remittamus:
610 4215 750 4297 exceptis
779 4213 828 4276 his
856 4215 909 4296 qui
933 4214 1114 4276 violentiam
1136 4215 1185 4278 vel
1209 4217 1444 4298 oppressionem
1467 4217 1679 4299 potentiorum
1709 4218 1795 4300 passi
1816 4217 1880 4280 ideo

270 4317 309 4380 ad
331 4336 390 4380 nos
411 4317 569 4392 venerint,
597 4324 633 4379 ut
661 4336 718 4399 per
745 4324 885 4379 nostram
907 4317 1163 4379 intercessionem
1189 4317 1340 4380 iustitiam
1363 4319 1503 4401 accipere
1522 4327 1719 4385 mereantur:
1750 4339 1880 4403 quomm

270 4419 369 4482 altera
388 4418 525 4481 conditio
546 4424 685 4482 661616
706 4418 923 4500 superioribus
944 4425 991 4481 est
1013 4417 1102 4481 valde
1122 4419 1287 4482 disiuncta

372 4520 411 4583 Et
443 4521 569 4603 quaudo
602 4520 709 4583 divina
739 4522 904 4584 vocatione
934 4520 1030 4583 huius
1059 4521 1288 4583 sacratissimae
1320 4521 1403 4584 sedis
1435 4522 1578 4605 pontifex
1605 4522 1645 4586 de
1677 4523 1737 4586 hoc
1765 4523 1909 4588 6166166

272 4624 463 4705 migraverit,
485 4623 595 4685 nullus
616 4641 656 4685 ex
679 4643 776 4706 regno
797 4632 913 4702 nostro,
935 4630 990 4686 aut
1012 4623 1152 4686 Francus
1175 4630 1230 4686 aut
1246 4621 1474 4707 longobardus
1494 4631 1551 4687 aut
1571 4623 1610 4687 de
1631 4624 1775 4707 qualibet
1793 4631 1881 4708 gente

272 4724 366 4786 horno
388 4725 447 4787 sub
470 4731 577 4788 nostra
597 4731 749 4806 potestate
770 4727 969 4799 constitutus
990 4726 1147 4788 licentiam
1171 4724 1283 4788 habeat
1304 4732 1413 4788 contm
1429 4724 1589 4788 Romanos
1609 4736 1665 4789 aut
1684 4726 1811 4809 publice
1831 4731 1880 4789 aut

272 4827 392 4908 private
428 4827 573 4889 veniendi
605 4827 654 4889 vel
686 4827 871 4890 electionem
902 4828 1052 4902 faciendi3
1086 4828 1258 4910 nullusque
1289 4829 1324 4890 iu
1355 4827 1537 4891 civitatibus
1568 4828 1617 4891 vel
1649 4830 1816 4892 territoriis
1844 4828 1878 4891 61

270 4928 420 4991 ecelesiae
441 4927 522 4991 beati
545 4927 628 4991 Petri
651 4929 786 5012 apostoli
810 4936 992 5011 potestatem
1016 4930 1247 5012 pertinentibus
1269 4929 1397 5012 aliquod
1417 4929 1538 4993 malum
1558 4938 1685 5013 pmpter
1704 4931 1764 4993 hoc
1785 4932 1880 4994 lacere

271 5036 440 5111 presumat.
491 5029 552 5093 Sed
581 5031 672 5093 liceat
700 5030 853 5095 Romanis
882 5051 956 5094 cum
986 5032 1071 5094 omni
1102 5033 1303 5095 veneratione
1330 5040 1361 5095 et
1388 5032 1457 5094 sine
1483 5030 1624 5114 qualibet
1649 5031 1907 5115 perturbationes

274 5130 477 5194 honorificam
499 5152 558 5194 sno
581 5133 720 5216 pontifici
744 5133 872 5196 exibere
891 5134 1101 5215 sepulturam,
1127 5141 1252 5197 etcum
1274 5152 1369 5216 quem
1391 5132 1499 5195 divina
1521 5133 1730 5215 inspiratione
1753 5140 1783 5198 et
1804 5133 1878 5197 beati

273 5232 359 5296 Petri
382 5235 604 5297 intercessione
625 5254 736 5298 661666
756 5235 892 5298 Romani
918 5256 981 5298 uno
1002 5235 1133 5298 consilio
1154 5241 1249 5317 atque
1271 5235 1437 5298 concordia
1458 5236 1528 5298 sine
1548 5234 1656 5316 aliqua
1677 5237 1879 5318 promissione

274 5335 313 5397 61
332 5335 532 5417 pontificatus
547 5337 688 5399 ordinem
705 5338 855 5419 elegerint
877 5339 944 5401 sino
966 5337 1106 5421 qualibet
1127 5337 1333 5418 ambiguitate
1353 5337 1403 5400 vel
1416 5336 1662 5400 contradictione
1683 5356 1878 5401 1116166166-

274 5438 346 5500 6166
367 5438 550 5501 consecrari.
592 5437 632 5501 Et
660 5439 737 5502 1661
759 5448 962 5504 consecratus
988 5440 1098 5518 luerit,
1125 5440 1216 5522 legati
1245 5438 1285 5502 61
1312 5459 1370 5502 nos
1396 5439 1446 5503 vel
1468 5439 1508 5503 ad
1537 5456 1736 5504 successores
1762 5446 1878 5503 nostros

374 5642 401 5719 c)
424 5646 572 5718 pensiones
587 5647 647 5701 coll.
659 5647 820 5703 061616άί1.
1882 5640 1904 5685 ¹¹
