4380 6248
266 378 329 442 356
732 379 1019 436 ADDlTAMENTA
1039 379 1093 435 ΑΙ)
1114 378 1342 437 HLUDOWlCl
1362 380 1416 435 PIl

270 576 369 641 seque
398 557 491 622 malle
519 577 574 640 per
601 558 740 622 mundos
768 578 865 641 quam
887 556 1030 620 sordidos
1051 557 1209 620 mundum
1230 576 1267 620 ae
1288 557 1436 622 decorum
1459 558 1520 622 sibi
1543 560 1710 624 cenidum
1732 559 1881 625 exhiberi.

270 660 352 724 Cum
375 660 434 723 hoc
454 662 498 723 ita
514 667 629 723 natura
648 666 865 743 comparatum
885 660 935 738 sit,
956 665 993 722 ut
1013 658 1319 722 administrationem
1340 659 1405 724 raib
1426 669 1553 725 nostrae
1572 661 1739 726 familiaris
1757 663 1883 726 nonnisi

271 783 290 826 a
319 763 448 826 mundis
473 769 505 826 et
532 762 624 825 sorde
649 761 831 825 carentibus
856 762 1018 845 procurari
1044 761 1196 833 velimus,
1224 761 1300 845 quid
1329 761 1368 825 de
1394 761 1497 827 officio
1524 763 1563 826 ad
1594 763 1742 827 divium
1762 763 1883 827 cultum

271 866 446 948 pertinente
474 863 685 944 censendum,
713 883 768 947 per
797 863 882 946 quod
911 862 999 927 Deus
1027 863 1148 927 homini
1177 863 1365 928 conciliatur
1392 870 1423 929 et
1451 864 1667 928 humanorum
1697 864 1884 928 delictorum

270 987 375 1030 nexus
402 966 610 1029 mediatione⁰
631 984 760 1048 precum
790 973 820 1029 et
846 967 1036 1029 sacrosancti
1064 964 1209 1030 sacrificii
1237 965 1387 1030 libatione
1412 966 1638 1030 resolvuntur?
1679 965 1797 1032 Nonne
1821 986 1919 1034 nona

270 1069 374 1132 solum
396 1088 452 1151 per
472 1067 609 1130 mundos
633 1074 664 1130 et
684 1067 775 1131 sorde
795 1074 938 1131 carentes
959 1066 1013 1131 sed
1035 1068 1130 1130 etiam
1152 1069 1240 1130 omni
1261 1068 1418 1151 praeditas
1439 1068 1602 1132 honestate
1622 1087 1776 1153 personas
1796 1068 1885 1133 debet

271 1172 447 1255 procurari,
473 1171 656 1252 praesertim
678 1189 752 1232 eum
774 1170 841 1253 ipse
860 1166 948 1232 Deus
969 1170 1003 1231 in
1026 1168 1095 1253 lege
1115 1189 1173 1233 sua
1196 1168 1331 1251 Moysen
1350 1169 1509 1234 famulum
1530 1189 1628 1234 suum
1650 1171 1689 1235 de
1709 1173 1762 1234 sui
1781 1172 1886 1235 cultus

272 1273 375 1336 officio
396 1273 567 1351 instruens,
589 1271 782 1335 sacerdotem
804 1272 860 1353 qui
880 1270 918 1334 ad
938 1270 1036 1335 altare
1056 1291 1177 1335 munus
1196 1271 1339 1336 offerret‘1
1359 1272 1447 1335 omni
1467 1273 1607 1356 corporis
1627 1273 1705 1336 vitio
1727 1282 1885 1337 carentem

273 1374 389 1458 eligere
409 1374 566 1457 praecepit
588 1373 710 1437 dicens:
734 1372 872 1455 ‘loquere
894 1372 933 1435 ad
955 1373 1077 1435 Aaron:
1106 1372 1200 1437 homo
1221 1373 1260 1437 de
1281 1375 1402 1437 semine
1422 1378 1478 1437 tuo
1499 1392 1556 1458 per
1574 1373 1727 1451 familias,
1756 1376 1812 1459 qui
1835 1375 1887 1438 ha·

272 1477 377 1541 buerit
395 1475 569 1556 maculam,
596 1495 659 1538 non
682 1475 790 1539 offeret
810 1494 908 1558 panes
929 1472 996 1538 Deo
1018 1495 1076 1538 suo
1098 1494 1157 1539 nec
1178 1475 1305 1539 accedet
1326 1476 1366 1539 ad
1386 1476 1600 1540 ministerium
1621 1478 1705 1554 eius,
1727 1478 1754 1540 si
1775 1496 1921 1545 caecusa·

270 1580 381 1660 fauerit,
412 1580 438 1643 si
466 1578 616 1653 claudus,
645 1580 671 1641 si
701 1577 750 1641 vel
776 1597 872 1661 parvo
899 1577 949 1641 vel
969 1577 1081 1661 grandi
1103 1585 1134 1641 et
1152 1583 1233 1641 torto
1255 1597 1350 1657 naso,
1379 1578 1523 1642 siframo
1544 1578 1638 1662 pade,
1668 1579 1696 1642 si
1722 1599 1836 1658 manu,
1860 1581 1887 1643 si

272 1682 399 1766 gibbus,
420 1683 447 1745 si
471 1680 585 1764 lippus’
607 1685 638 1744 et
658 1685 769 1757 cetera,
790 1698 872 1763 quae
894 1680 927 1741 in
948 1678 1108 1743 Iseviticol
1130 1680 1302 1764 legrmtur?

376 1783 573 1867 Quapropter
603 1789 635 1846 et
660 1801 720 1845 nos
746 1780 786 1845 ob
815 1801 953 1845 amorem
984 1788 1015 1845 et
1042 1782 1195 1846 honorem
1222 1781 1281 1847 Dei
1308 1803 1345 1846 ec
1372 1784 1492 1846 domini
1521 1783 1621 1848 nostn'
1648 1783 1746 1848 Ihesu
1773 1782 1887 1848 Christi

272 1893 303 1951 et
330 1887 369 1950 ob
391 1886 614 1950 exaltationem
641 1889 767 1948 sanctae
788 1884 898 1946 matris
923 1889 1049 1948 nostrae
1074 1884 1222 1948 catolicae
1243 1885 1407 1961 ecclesiae,
1434 1905 1516 1969 quae
1541 1891 1589 1950 est
1615 1905 1733 1970 corpus
1758 1887 1829 1951 eius
1854 1887 1886 1949 in

273 2010 338 2072 qua
358 1996 389 2052 et
409 2007 467 2051 nos
489 1986 668 2050 membrum
689 1987 791 2069 ipsius
813 2005 869 2070 per
889 1985 972 2049 bona
994 2005 1088 2069 opera
1110 1985 1193 2050 effici
1216 1988 1380 2070 cupimus,
1408 1988 1672 2053 consuetudinem
1698 2009 1831 2073 pravam
1857 1998 1920 2054 eta

273 2090 363 2154 valde
391 2088 670 2173 reprehensibilem
698 2109 762 2172 qua
788 2107 892 2171 usque
919 2089 951 2150 in
978 2107 1127 2172 praesens
1157 2088 1232 2153 viles
1253 2109 1400 2173 quaeque
1425 2098 1456 2154 et
1477 2091 1583 2154 servili
1603 2091 1792 2156 condicione
1812 2091 1888 2156 obli·

274 2201 365 2274 gatae
386 2211 540 2276 personae
566 2191 605 2253 ad
625 2191 865 2275 presbyteratus
885 2190 1028 2253 ordinem
1048 2191 1166 2273 passim
1190 2191 1438 2256 admittebantur
1458 2191 1582 2257 abolere
1605 2194 1786 2278 cupientes,
1815 2215 1886 2259 eon·

273 2297 409 2379 gregatis
436 2295 578 2377 undique
604 2299 787 2357 sanctarum
817 2292 1020 2356 ecclesiarum
1048 2293 1237 2373 rectoribus,
1262 2295 1416 2378 episcopis
1443 2296 1589 2360 videlicet
1608 2301 1640 2360 et
1666 2296 1835 2361 abbatibus
1858 2304 1886 2361 et

272 2398 411 2461 adunato
444 2396 637 2460 sollemniter
664 2397 771 2479 populi
804 2397 902 2458 nostri
931 2402 1107 2475 conventu,
1133 2403 1346 2480 conpertaque
1374 2399 1519 2461 omnium
1546 2417 1642 2482 super
1668 2399 1886 2462 huiuscemodi

272 2501 397 2583 negotio
419 2499 595 2575 voluntate,
624 2498 784 2562 adnuente
806 2498 910 2580 adque
932 2499 1149 2562 consentiente
1173 2505 1219 2578 et,
1248 2499 1332 2581 quod
1360 2500 1410 2563 his
1436 2501 1540 2564 maius
1560 2510 1622 2580 est,
1646 2504 1743 2565 etiam
1765 2509 1886 2585 petente
1896 2526 1919 2562 a

273 2603 465 2665 sacrosancti
486 2600 612 2663 concilii
634 2600 746 2664 devota
767 2607 863 2682 atque
882 2600 1029 2663 concordi
1047 2601 1271 2681 unanimitate,
1297 2603 1467 2665 statuimus
1488 2608 1583 2685 atque
1607 2602 1834 2683 decrem'mus,²
1854 2611 1886 2667 ut

273 2703 389 2767 abhinc
414 2706 444 2766 in
476 2703 621 2767 futurum
650 2703 739 2765 nulla
767 2702 838 2765 vilis
864 2710 894 2766 et
920 2702 1028 2765 servili
1056 2702 1234 2767 condicioni
1262 2702 1400 2767 obnoxia
1420 2723 1555 2788 porsena
1581 2704 1622 2768 ad
1641 2705 1776 2788 gradum
1805 2725 1886 2790 pres-

272 2805 387 2886 byterii
415 2806 575 2888 adspirare
602 2805 802 2887 permitatur.
828 2805 882 2868 sed
909 2806 937 2868 si
965 2806 1136 2868 necessitas
1164 2807 1313 2889 exigerit,
1340 2813 1377 2870 ut
1400 2806 1439 2870 de
1467 2808 1605 2870 seruitiis
1626 2807 1677 2871 vel
1703 2809 1820 2871 nostris
1839 2808 1884 2872 rel

273 2909 389 2972 alienis
415 2908 455 2971 ad
481 2908 566 2971 hunc
589 2907 732 2970 ordinem
754 2908 870 2991 aliquis
891 2907 1013 2971 admitti
1036 2907 1161 2987 debeat,
1191 2909 1265 2992 iugo
1294 2910 1455 2973 servitutis
1482 2911 1571 2994 prius
1597 2909 1781 2974 solemniter
1801 2909 1886 2975 abso

277 3011 365 3073 lutus
386 3012 431 3073 sic
452 3010 580 3072 tandem
603 3029 720 3072 manus
741 3010 964 3093 inpositionem
985 3009 1064 3073 liber
1084 3011 1224 3093 accipiat

374 3111 511 3175 Proinde
531 3112 587 3174 has
607 3118 733 3175 nostrae
758 3112 929 3195 imperiahs
955 3119 986 3175 et
1006 3113 1109 3195 regiae
1135 3114 1332 3199 auctoritatis
1355 3113 1473 3177 litteras
1495 3119 1568 3177 tuae
1590 3114 1750 3177 sanctitati
1771 3114 1886 3177 dandas

273 3215 482 3292 decrevimus,
503 3233 558 3296 per
577 3234 657 3295 quas
678 3214 734 3277 tibi
757 3222 787 3278 et
809 3213 1047 3278 successoribus
1068 3216 1132 3277 tuis
1151 3233 1275 3278 necnon
1297 3219 1328 3279 et
1351 3214 1570 3299 subfraganeis
1591 3215 1687 3279 talem
1708 3235 1885 3280 concessam

275 3317 402 3380 noveris
424 3322 624 3400 potestatem,
652 3322 687 3379 ut
717 3335 829 3379 servus
851 3316 1081 3379 ecclesiasticus
1101 3323 1164 3378 tam
1193 3316 1233 3380 de
1253 3323 1308 3380 tua
1331 3337 1428 3400 quam
1450 3336 1560 3381 eorum
1583 3318 1746 3400 parrochia
1768 3337 1884 3382 necnon

275 3419 315 3483 de
340 3421 409 3482 iure
431 3420 711 3496 monasteriorum,
738 3436 820 3500 quae
846 3418 878 3479 in
904 3424 958 3480 tua
981 3418 1049 3480 sive
1071 3418 1198 3481 illorum
1232 3418 1359 3501 dyocesi
1387 3420 1559 3482 constituta
1584 3427 1673 3501 sunt,
1699 3420 1738 3483 ad
1762 3419 1886 3505 presby·

274 3526 394 3585 teratus
417 3521 561 3583 ordinem
591 3519 709 3583 electus
739 3540 844 3583 eoram
872 3519 954 3582 clero
983 3525 1014 3583 et
1039 3519 1130 3604 plebe
1156 3530 1321 3604 praesente
1347 3528 1378 3586 et
1404 3522 1621 3586 consentiente
1641 3541 1691 3601 eo,
1718 3524 1814 3587 cuius
1837 3523 1916 3591 dea

276 3624 412 3686 minatui
433 3622 517 3685 idem
539 3641 651 3685 servus
676 3623 829 3705 usquein
853 3621 885 3684 id
908 3623 1058 3704 temporis
1084 3630 1150 3687 erat
1176 3623 1333 3704 addictus,
1364 3643 1421 3709 per
1441 3631 1471 3688 te
1492 3624 1543 3689 vel
1560 3624 1631 3688 illos
1655 3645 1675 3688 a
1699 3626 1776 3709 iugo
1796 3626 1887 3691 serti·

274 3725 354 3788 tutis
375 3723 558 3787 absolvatur
581 3730 612 3787 et
632 3731 781 3807 perpetuo
807 3724 885 3787 liber
906 3722 1067 3788 efficiatur.
1108 3724 1224 3789 Modus
1236 3733 1343 3790 autem
1360 3726 1570 3791 absolutionis
1589 3734 1620 3790 et
1630 3727 1888 3791 manumissionis

274 3827 362 3890 illius
383 3826 454 3889 talis
476 3844 545 3888 esse
567 3824 675 3888 debet:
706 3826 862 3889 scribatur
883 3826 913 3888 ei
936 3825 1061 3891 libellus
1082 3829 1236 3911 perlectae
1259 3836 1290 3893 et
1310 3828 1473 3893 absolutae
1494 3830 1700 3912 ingenuitatis
1721 3849 1810 3894 more
1830 3848 1889 3912 quo

277 3928 434 3992 haetenus
454 3927 636 3991 huiusmodi
659 3926 754 3991 libelli
777 3928 871 3991 scribi
894 3928 1050 4001 solebant,
1079 3931 1181 3994 civem
1208 3929 1389 3994 Romanum
1411 3929 1510 3995 libere
1528 3932 1694 4015 potestatis
1712 3933 1888 4005 continens;

274 4039 307 4095 et
328 4032 360 4093 in
381 4030 444 4093 fine
464 4027 562 4093 libelli
585 4037 649 4092 tam
672 4049 782 4092 eorum
803 4032 859 4113 qui
889 4031 922 4093 in
945 4038 999 4093 tua
1025 4032 1190 4113 parrochia
1217 4039 1294 4096 sunt
1320 4032 1518 4097 sacerdotum
1547 4053 1644 4116 quam
1664 4033 1795 4098 illorum
1816 4052 1917 4117 quosa

275 4133 429 4195 dominus
447 4133 530 4195 seui
554 4151 663 4195 secum
684 4131 818 4194 adduxit
840 4133 1014 4195 testimonii
1036 4152 1132 4195 causa
1159 4135 1291 4198 nomina
1311 4134 1545 4214 describantur3
1574 4134 1729 4200 habeatur
1752 4137 1786 4200 in
1808 4155 1844 4200 eo
1862 4144 1890 4199 et

275 4254 393 4298 nomen
418 4235 491 4313 loci,
521 4233 674 4297 habeatur
694 4235 815 4297 mensis
837 4242 867 4298 et
889 4234 949 4297 diei
971 4240 1001 4297 et
1022 4236 1098 4297 anni
1119 4237 1208 4319 regni
1231 4238 1329 4299 nostri
1352 4244 1382 4301 et
1402 4238 1597 4317 indictioniS,
1625 4243 1662 4301 ut
1682 4237 1796 4302 nullus
1820 4256 1889 4302 eum

274 4336 454 4421 legentibus
476 4336 691 4420 ambiguitatis
713 4337 884 4420 scrupulus
905 4344 1073 4400 remaneat
1116 4336 1178 4413 Qui
1198 4337 1325 4403 libellus
1346 4340 1374 4402 ei
1396 4341 1452 4423 qui
1469 4340 1745 4404 manumittendus
1766 4346 1826 4416 est,
1844 4339 1888 4404 rel

275 4462 293 4502 a
314 4447 359 4518 tc,
380 4440 407 4501 si
429 4439 578 4502 ecclesiae
599 4446 673 4502 tuae
695 4438 793 4502 fuerit
815 4458 944 4518 servus,
972 4439 1023 4502 vel
1044 4460 1063 4502 a
1084 4439 1223 4522 legitimo
1245 4440 1375 4504 domino
1396 4443 1430 4504 in
1451 4447 1506 4506 tua
1526 4444 1723 4526 praesentia,
1752 4441 1845 4506 detur
1862 4450 1889 4505 et

275 4551 345 4604 tum
368 4541 498 4604 demum
520 4540 560 4603 ad
581 4542 661 4604 sacri
683 4540 804 4604 ordinis
828 4542 1061 4624 susceptionem
1083 4542 1293 4606 ecclesiastica
1322 4543 1552 4607 consuetudine
1581 4545 1752 4627 perveniat
1793 4544 1915 4610 Similia

281 4643 375 4706 modo
398 4643 589 4726 sull'raganei
609 4643 656 4706 tui
677 4644 708 4705 in
733 4644 951 4707 huiuscemodi
973 4645 1115 4727 personis
1137 4644 1245 4708 liberis
1266 4645 1461 4709 dimittendis
1472 4648 1504 4709 in
1518 4647 1586 4710 suis
1607 4646 1750 4711 ecclesiis
1770 4647 1888 4721 faciem,

276 4746 354 4826 qiiia
380 4745 511 4809 eandem
535 4745 605 4808 illos
631 4764 688 4828 per
716 4746 775 4808 hoc
797 4751 922 4809 nostrae
947 4749 1143 4811 auctoritatis
1167 4760 1369 4831 praeceptum
1397 4748 1436 4811 ad
1456 4748 1515 4812 hoc
1541 4750 1721 4813 faciendum
1743 4750 1886 4815 volumus

278 4846 396 4911 habere
417 4853 610 4931 potestatem.
654 4846 740 4910 Bene
763 4848 832 4910 vale
852 4855 883 4910 et
903 4868 957 4910 ora
977 4869 1033 4932 pro
1054 4849 1153 4912 nobis.

379 5102 408 5172 b)
431 5104 488 5176 regi
499 5122 520 5158 c.
583 5101 608 5174 c)
630 5104 810 5160 meditatione
819 5124 839 5160 c.
904 5102 934 5175 d)
956 5105 1072 5160 inferret
1081 5123 1104 5158 e.

381 5348 410 5423 l)
434 5354 516 5406 [coit.
538 5354 585 5423 ⁶21,
602 5353 741 5410 17-20.
805 5352 834 5425 2)
856 5355 948 5427 Supra
960 5376 1023 5427 puy.
1040 5356 1137 5425 ‘alec
1148 5358 1173 5411 6.

880 5587 1282 5597 ———
