4380 6248
266 371 333 437 274
927 370 1150 429 llLUDOWlCl
1174 370 1227 426 Pll

266 553 441 629 stabimus,
470 558 504 614 ut
526 552 748 635 unusquisque
768 552 921 614 rationem
942 568 999 634 pre
1021 551 1070 613 his
1093 566 1175 631 quae
1195 547 1293 629 gessit
1313 546 1432 621 reddat,
1464 545 1556 609 nobis
1576 546 1747 630 praecipue
1768 580 1786 589 -
1828 546 1881 629 qui

266 652 384 714 ceteris
405 648 589 712 mortalibus
611 648 789 711 conditione
809 647 957 731 aequales
986 648 1154 712 existimus
1179 654 1210 712 et
1231 648 1382 732 dignitate
1407 654 1532 711 tantum
1562 649 1730 731 regiminis
1757 666 1884 732 supere·

275 755 446 831 minemus,
474 753 528 834 qui
551 770 614 814 non
636 750 739 814 selum
761 770 817 833 pro
836 752 1005 814 commisse
1025 752 1185 834 graviore,
1206 769 1318 814 verum
1339 751 1433 815 etiam
1455 770 1512 834 pre
1532 756 1680 814 reatuum
1702 756 1883 813 noseorum

273 856 364 919 factis
383 862 414 918 et
433 854 539 933 dietis,
560 854 690 935 insuper
710 853 804 915 etiam
825 853 968 934 cogitatis
990 854 1024 916 in
1036 853 1167 917 districti
1186 853 1343 916 examinis
1364 851 1415 916 die
1427 853 1518 915 iuxta
1529 853 1721 936 scripturam
1742 850 1884 915 saurrrun³

275 977 356 1041 qnae
378 958 469 1033 dicit,
489 956 647 1039 ‘qnoniam
668 953 873 1037 interrogabit
893 973 987 1039 opera
1007 964 1114 1019 nostra
1134 955 1379 1037 eteogitatienes
1394 953 1604 1019 scrutabitur'
1624 956 1765 1019 rationes
1784 954 1884 1018 reddi·
1906 976 1919 1013 a

274 1062 336 1124 turi
367 1079 538 1122 snmus-
564 1057 695 1119 sollicita
721 1058 1001 1140 circumspectione
1026 1065 1153 1140 totaque
1179 1057 1295 1130 mentis
1319 1058 1495 1121 intentione
1520 1057 1731 1141 satagendum
1755 1066 1819 1133 est,
1842 1065 1886 1133 ut,

276 1163 366 1226 bonis
390 1160 538 1244 operibus
559 1161 674 1243 iugiter
692 1158 880 1238 insistendo,
902 1159 952 1221 his
969 1158 1087 1242 quibus
1097 1178 1242 1244 praeesse
1260 1159 1406 1223 videmur
1426 1157 1706 1239 medisomnibus,
1727 1169 1884 1243 quantum

275 1264 366 1328 nobis
386 1265 493 1327 divina
514 1263 704 1345 suffragante
728 1262 828 1343 gratia
848 1260 981 1325 facultas
1010 1260 1167 1325 adtributa
1188 1261 1298 1339 fuerit,
1325 1260 1473 1344 prodesse
1499 1279 1658 1327 curemus
1704 1260 1768 1325 Sed
1790 1262 1885 1345 quial

275 1386 369 1431 crnrne
391 1366 672 1447 datumoptimum
695 1369 726 1426 et
746 1382 840 1426 enine
861 1362 982 1426 denum
1000 1364 1173 1447 perfeetum
1195 1364 1364 1428 desursum
1374 1371 1435 1439 est,
1460 1362 1613 1427 debemus
1634 1364 1800 1427 continuis
1820 1382 1886 1448 pre·

272 1469 366 1533 cibus
386 1466 559 1530 Donrinunr
580 1465 742 1529 humiliter
762 1484 893 1528 exorare
911 1464 1087 1548 faciemque
1108 1466 1195 1529 illius
1214 1465 1328 1529 humili
1344 1465 1541 1529 confessione
1561 1472 1593 1529 et
1613 1484 1773 1549 congrua,
1793 1476 1921 1549 pmnto

274 1573 341 1655 ipse
361 1590 453 1653 posse
472 1570 605 1647 dederit,
634 1567 853 1630 emendatione
873 1569 1072 1651 praevenire,
1094 1575 1144 1649 ut,
1170 1570 1253 1632 sieut
1273 1569 1342 1631 eius
1362 1574 1410 1632 est
1432 1569 1575 1631 muneris
1595 1567 1682 1651 qued
1702 1586 1886 1651 regnamus.

271 1675 345 1737 cius
367 1674 408 1736 sit
428 1674 552 1756 pietatis
572 1692 635 1754 quo
655 1669 685 1732 id
706 1668 838 1733 feliciter
862 1672 1017 1752 gerimus:
1040 1679 1212 1753 quatenus,
1232 1688 1269 1734 ee
1288 1672 1472 1748 miserante,
1496 1676 1528 1734 et
1548 1670 1636 1753 regni
1656 1668 1886 1754 gubernaculis

272 1772 467 1854 aequissimo
490 1769 654 1832 libramine
675 1777 794 1850 tenere,
815 1779 846 1834 et
866 1771 906 1834 ad
929 1790 1003 1834 eum
1027 1773 1083 1854 qui
1104 1791 1160 1836 rex
1181 1792 1292 1857 regum
1303 1779 1351 1837 est
1364 1777 1394 1837 et
1414 1772 1564 1836 deminus
1586 1772 1792 1837 dominorum
1811 1792 1884 1837 curn

274 1874 439 1958 multiplici
461 1872 565 1937 fructu
588 1873 868 1937 administrationis
895 1880 1015 1953 nostre,
1046 1875 1185 1938 iustitiae
1214 1874 1333 1939 seilicet
1353 1885 1386 1940 et
1409 1874 1534 1959 pietatis
1565 1879 1661 1957 atque
1684 1874 1886 1951 humilitatis,

271 1978 342 2040 sine
361 1976 425 2039 fine
447 1996 521 2038 cum
542 1996 578 2039 eo
600 1977 760 2057 regnaturi
783 1994 962 2039 mereamur
981 1977 1154 2059 pervenire.
1197 1976 1411 2061 aequoniam
1432 1997 1488 2062 per
1507 1976 1686 2062 apostolum
1707 1997 1806 2041 suum
1828 1995 1920 2040 narsus

273 2079 434 2142 adiutores
468 2099 544 2141 suos
575 2078 730 2161 appellare
763 2078 911 2161 dignatus
940 2085 1002 2148 est.
1038 2084 1069 2142 et
1100 2086 1206 2142 saneta
1239 2079 1381 2160 ecclesia,
1412 2082 1482 2144 eius
1511 2080 1655 2143 videlicet
1685 2098 1816 2163 sponsa,
1853 2079 1883 2141 in

275 2183 440 2265 scripturis
460 2182 577 2243 sanctis
598 2181 706 2243 υηιιε5
727 2189 775 2244 est
797 2181 965 2265 adpellata,
994 2181 1161 2245 cotidianis
1182 2184 1339 2245 exercitiis
1359 2182 1507 2247 adhibitis
1528 2182 1652 2246 sarculo
1674 2182 1758 2245 bone
1778 2200 1885 2265 opera·

275 2285 369 2347 tionis
391 2292 438 2348 est
458 2283 641 2361 excolenda,
672 2292 723 2363 ut,
755 2284 837 2347 sient
862 2303 986 2367 semper
1004 2285 1117 2347 nociva
1136 2285 1170 2346 in
1192 2303 1229 2347 ea
1250 2285 1337 2348 velut
1364 2286 1397 2347 in
1423 2283 1506 2348 bene
1532 2304 1606 2367 agro
1632 2291 1816 2368 emergunt,
1843 2285 1885 2347 ita

273 2406 400 2470 semper
419 2385 536 2448 laboris
559 2384 698 2468 bonique
719 2386 814 2449 studii
835 2387 1034 2450 eradicentur
1054 2388 1163 2465 noxia,
1188 2386 1372 2470 plantentur
1392 2387 1489 2451 utilia.
1530 2384 1659 2471 Oportet
1680 2407 1741 2451 nos
1762 2387 1885 2451 cunctis

271 2490 344 2553 eius
363 2486 616 2563 necessitatibus
637 2486 761 2551 nisibus
780 2488 898 2571 quibus
920 2509 1108 2572 possumus,
1127 2489 1239 2552 devote
1257 2489 1437 2557 consulere:
1460 2495 1619 2573 quatenus
1632 2490 1666 2552 in
1686 2490 1759 2553 eius
1779 2507 1951 2553 emen-s·-

272 2591 415 2669 datione,
442 2598 597 2672 quantum
623 2587 781 2653 Dominus
807 2610 900 2673 posse
926 2590 1057 2666 dederit,
1086 2597 1151 2654 tnta
1176 2611 1249 2654 cum
1277 2591 1392 2654 mentis
1419 2591 1585 2655 devotione
1610 2590 1825 2661 elaborantes.
1853 2592 1884 2654 in

273 2695 382 2776 aliqua
405 2700 491 2776 parte
514 2690 728 2754 aedificiorum
756 2692 842 2755 illius
869 2713 886 2755 a
911 2692 1096 2757 fabricatore
1115 2694 1201 2772 eius,
1226 2693 1354 2756 demine
1375 2693 1491 2757 seilicet
1519 2692 1593 2757 Iesu
1621 2692 1761 2771 Christe,
1786 2693 1885 2778 aptari

276 2815 461 2859 mereamur.

376 2896 513 2960 Proinde
532 2906 642 2959 notum
673 2898 712 2959 sit
737 2895 888 2959 ornnibus
913 2896 1060 2959 fidelibus
1087 2897 1203 2960 nostris
1229 2906 1354 2960 sanctae
1377 2894 1435 2960 Dei
1462 2896 1592 2960 ecclesie
1618 2899 1802 2981 nostrisque
1821 2896 1886 2961 Deo

277 3001 477 3083 dispensante
495 2998 743 3071 sucessoribus,
765 3000 853 3081 quia
872 3018 944 3061 cum
968 3017 1026 3061 nos
1050 2998 1148 3063 nullis
1167 2998 1378 3062 existentibus
1397 3000 1518 3062 meritis
1538 2999 1646 3062 divina
1663 3000 1779 3084 pietas,
1798 3001 2004 3081 geni-n:

276 3114 341 3165 trtrc
364 3109 469 3163 nostro
490 3099 584 3163 rebus
605 3100 754 3163 lmmanis
772 3106 931 3183 csenrptc,
958 3101 995 3163 ad
1023 3101 1120 3164 huius
1141 3102 1264 3184 imperii
1291 3101 1418 3165 culmen
1444 3101 1652 3184 porrexisset,
1678 3110 1710 3165 et
1726 3102 1886 3185 quomedo

273 3214 331 3266 ant.
352 3202 487 3285 spiraliter
510 3202 700 3265 desiderium
722 3203 820 3265 (lirini
840 3203 961 3281 cultus,
990 3203 1074 3285 qued
1099 3203 1139 3266 ab
1160 3206 1290 3267 ineunte
1316 3210 1416 3268 aetate
1437 3203 1561 3267 Christo
1586 3204 1762 3287 inspirante
1782 3212 1887 3269 mente

272 3326 537 3390 conceperamus,
569 3306 606 3367 ad
636 3305 779 3369 effectum
807 3304 944 3368 Domino
977 3305 1169 3387 suffragante
1196 3305 1456 3389 perduceremus,
1488 3306 1619 3389 etquid
1645 3306 1744 3370 studii
1770 3307 1887 3391 quidve

275 3407 392 3472 laboris
414 3410 628 3491 progenitores
646 3409 762 3486 nostri,
784 3410 950 3491 praecipue
970 3414 1076 3471 tamen
1098 3409 1149 3491 pic
1170 3408 1393 3471 recordationis
1411 3408 1537 3490 genitor
1547 3416 1667 3483 noster,
1687 3410 1720 3471 in
1746 3409 1887 3473 artilitati·

275 3510 337 3573 bns
358 3522 484 3573 sanctae
506 3508 564 3572 llei
584 3510 713 3573 ecclesie
737 3510 951 3584 exhibuerint,
982 3510 1219 3574 arberteremus
1240 3517 1271 3573 et
1290 3511 1341 3594 pia
1367 3509 1492 3573 illerum
1519 3511 1600 3573 facta
1621 3530 1685 3574 non
1712 3512 1819 3575 solum
1841 3513 1887 3575 in·

275 3613 390 3675 violata
413 3631 612 3688 conservare,
636 3612 804 3675 sedetiam
828 3613 951 3674 imitare
972 3632 1027 3694 pro
1042 3611 1164 3675 viribus
1185 3611 1277 3675 rrribis
1296 3609 1364 3675 Dee
1383 3613 1540 3677 concessis
1551 3621 1749 3696 optaremus,
1770 3614 1887 3677 scilicet

277 3725 323 3794 ut,
352 3715 378 3777 si
407 3713 482 3796 quid
506 3715 539 3776 in
562 3714 780 3777 ecclesiasticis
801 3714 934 3796 negotiis
954 3714 1021 3777 sive
1047 3714 1079 3776 in
1103 3720 1188 3776 statu
1212 3712 1382 3797 reipublice
1407 3714 1627 3778 emendatione
1652 3714 1789 3797 dignum
1819 3736 1888 3801 per·

273 3818 510 3899 spexissemus,
539 3828 694 3898 quantum
718 3814 876 3878 Ilmrinns
897 3834 988 3898 pesse
1009 3813 1103 3877 dabat
1127 3821 1233 3878 nostro
1262 3815 1366 3878 studio
1388 3816 1639 3879 emendarentur.
1689 3816 1731 3880 Et
1756 3828 1888 3883 actenus

277 3920 350 3981 hinc
374 3918 446 3981 iude
467 3917 701 3980 mundanorum
726 3916 890 3979 turbinum
912 3917 1056 3999 praellis
1077 3916 1312 4000 emergentibus
1329 3917 1616 4002 diversissimisque
1626 3919 1888 4003 decerpationibus

275 4019 692 4103 ingruentibuspraepediti,
713 4029 747 4080 ut
767 4028 1005 4101 ‹aptareramua
1025 4018 1149 4082 effic-ere
1163 4020 1432 4103 nequivissemus,
1453 4020 1550 4083 liuius
1569 4020 1613 4083 rei
1633 4022 1736 4104 gratia
1757 4022 1894 4107 quintu*
1965 4046 2004 4077 -=

272 4141 359 4185 anne
389 4123 511 4204 imperii
540 4123 653 4198 nostri,
683 4122 841 4184 accersitis
870 4120 1033 4184 nonnullis
1063 4122 1233 4205 episcopis,
1265 4120 1448 4199 abbatibus,
1480 4123 1641 4185 canonicis
1666 4132 1698 4187 et
1724 4126 1903 4189 monacbis

274 4238 307 4287 et
328 4223 474 4286 fidelibus
495 4222 699 4306 optimatibus
722 4224 852 4301 nestris,
877 4223 1059 4286 studuimus
1087 4242 1196 4286 curram
1218 4223 1368 4286 consultu
1395 4224 1598 4307 sagacissima
1622 4225 1818 4309 investigare
1843 4228 1902 4291 in·-

274 4326 465 4408 quisitione,
493 4325 628 4407 qualiter
655 4326 828 4407 unucuique
850 4326 969 4403 ordini,
999 4326 1222 4388 carrnnicerum
1246 4325 1405 4406 videlicet,
1425 4327 1653 4389 monacharum
1672 4338 1705 4391 et
1727 4328 1899 4405 laicorum,

277 4428 366 4490 iuxta
389 4426 473 4509 quon
495 4427 574 4489 ratio
594 4425 731 4489 dictabat
758 4434 789 4489 et
814 4427 945 4490 facrrltas
968 4426 1166 4511 suppetebat,
1199 4425 1267 4491 Dee
1297 4447 1387 4511 opem
1411 4427 1530 4492 ferente
1552 4428 1805 4495 mnsuleremus
1852 4430 1898 4495 Et

280 4530 448 4611 quoniam,
478 4528 549 4591 licet
570 4548 662 4612 saepe
683 4528 721 4591 de
741 4536 825 4591 statu
847 4530 1050 4593 ecelesiarum
1076 4538 1107 4592 et
1133 4529 1171 4592 de
1200 4530 1328 4592 iustitiis
1355 4534 1521 4613 praeterito
1545 4538 1686 4614 temptare
1712 4532 1893 4597 ordinasse-
1909 4540 2004 4591 aa*

279 4652 350 4693 nrars
371 4640 402 4694 et
425 4632 537 4693 missos
556 4651 610 4714 per
629 4630 754 4714 singula
778 4630 844 4693 loca
865 4632 1126 4707 destinassemus,
1154 4640 1185 4694 et
1206 4631 1367 4695 invidente
1388 4631 1512 4695 diabole
1533 4651 1588 4715 per
1609 4634 1802 4699 timnnicanr
1825 4656 1894 4719 pra·

278 4734 405 4796 ritatem
429 4733 644 4815 praepeditum
665 4732 794 4808 fuisset,
824 4734 897 4815 quia
918 4731 1076 4796 Dominus
1102 4733 1141 4797 de
1159 4734 1209 4796 his
1233 4734 1310 4796 suab
1332 4734 1578 4817 omnipotentiab
1598 4736 1799 4820 triumphare
1818 4758 1887 4801 run·

277 4836 373 4897 cessit
391 4841 422 4896 et
442 4854 549 4917 panem
572 4834 713 4916 undique
734 4835 877 4910 «tonavit,
899 4834 1059 4917 arqrrrrtebat
1081 4846 1115 4898 ut
1136 4836 1194 4898 lm·
1216 4843 1341 4919 tempus
1362 4837 1447 4919 pacis
1469 4836 1610 4901 indultae
1631 4838 1663 4900 in
1686 4858 1885 4904 communem

278 4943 404 4999 sarrrctae
430 4934 487 4998 llei
518 4937 647 4999 ecclesie
676 4945 706 4999 ct
738 4939 882 5000 omnium
909 4946 1088 5000 nostrorum
1126 4937 1293 5001 utilitatem
1328 4938 1586 5021 inpenderemus,
1616 4938 1721 5004 tribus
1748 4942 1885 5007 videlicet

278 5038 394 5099 niudis:
419 5046 453 5099 ut
474 5058 555 5120 qum
576 5037 655 5101 bene
680 5039 824 5101 inchoata
847 5047 935 5101 enuit
957 5037 1024 5101 Deo
1044 5038 1217 5101 rrrrxiliantc
1238 5040 1384 5102 effectum
1405 5039 1600 5111 obtinerent,
1620 5049 1652 5104 et
1672 5043 1699 5105 si
1722 5063 1788 5128 qna
1810 5044 1915 5113 barrae
1946 5060 2004 5097 ι’·-

278 5140 441 5202 voluntate
463 5141 516 5203 sul
539 5143 665 5204 incauta
685 5141 873 5203 discutione
894 5142 990 5203 variis
1012 5140 1285 5223 praepedientibus
1308 5142 1414 5205 (ausis
1427 5142 1571 5207 inchoata
1590 5143 1744 5213 fuissent.
1766 5160 1801 5209 ut
1822 5146 1885 5211 dili·

273 5250 388 5323 genter
410 5241 639 5324 inspicerentur
659 5243 868 5326 discreteque,
889 5251 983 5326 prout
1002 5243 1134 5306 facultas
1156 5242 1355 5326 suppetebat,
1382 5246 1631 5328 corrigerentur:
1660 5248 1688 5311 si
1711 5250 1884 5333 quaedam

380 5451 406 5521 a)
430 5451 588 5523 Cirr-pientia·
596 5453 695 5521 legerat
704 5460 812 5523 quarte.
895 5452 924 5513 b',
946 5452 1441 5526 taquam-rammaoportunissime.

380 5638 409 5707 a)
433 5638 626 5709 maanes
709 5640 738 5705 4>
760 5639 916 5710 sprewa
929 5637 1008 5707 1,1r.
1090 5636 1120 5707 s)
1143 5638 1379 5709 decatessera.
