4418 6226
812 381 1074 440 CAPITULARIA
1095 381 1200 436 814-
1211 383 1277 438 827.
1786 379 1847 447 309

241 560 361 623 deferre
382 564 413 622 et
434 578 489 642 per
510 578 618 622 corum
641 559 800 623 auxilium
819 560 973 623 iustitiam
993 558 1159 642 adquirere
1179 564 1224 637 et,
1248 558 1374 642 quando
1385 559 1501 643 aliquis
1516 560 1554 623 ad
1576 579 1633 623 uos
1652 562 1846 624 necessitatis

243 682 339 725 causa
360 661 590 739 reclamaverit,
611 660 651 724 ad
672 680 726 725 eos
744 662 905 745 possimus
923 659 1092 723 relatorum
1113 660 1257 742 querelas
1280 660 1319 723 ad
1341 659 1555 725 definiendum
1576 663 1741 725 remittere.
1781 662 1846 746 Ipsi

245 783 317 826 vero
338 764 427 826 missi
457 783 522 826 non
544 765 612 826 sine
632 764 806 828 certissima
826 782 922 826 eausa
942 763 993 825 vel
1010 763 1196 825 necessitate
1215 763 1277 825 huc
1305 762 1443 845 illucque
1464 762 1655 837 discmrant,
1684 765 1746 827 nisi
1767 763 1846 828 forte

245 866 372 948 quando
393 865 456 928 tale
475 865 595 948 aliquid
615 866 650 928 in
669 864 839 929 cuiuslibet
864 865 1037 927 ministerio
1063 863 1102 926 ad
1122 864 1310 947 legationem
1337 883 1428 928 suam
1447 866 1622 948 pertinente
1652 872 1755 929 ortum
1776 884 1846 929 esse

216 969 461 1051 rcognoverint,
482 967 567 1050 quod
588 986 700 1031 eorum
722 967 898 1050 praesentia
917 966 1057 1050 indigeat
1080 970 1111 1028 et
1130 967 1200 1030 sine
1220 985 1330 1031 eorum
1351 965 1483 1030 consilio
1502 966 1553 1030 vel
1564 967 1719 1031 adiutorio
1740 987 1846 1031 emen-

244 1071 311 1133 dari
331 1089 396 1133 non
414 1071 522 1153 possit
562 1068 641 1132 Inde
663 1074 769 1131 tamen
788 1067 904 1132 debent
924 1086 993 1131 esse
1013 1068 1150 1147 solliciti,
1171 1072 1352 1151 ut'propter
1371 1068 1499 1132 illorum
1517 1069 1745 1154 neglegentiam
1768 1070 1846 1133 nihil

245 1175 276 1235 in
300 1192 359 1236 sua
378 1171 534 1256 legatione
552 1172 763 1234 incorrectum
792 1176 969 1249 remaneam
996 1169 1051 1233 sed
1072 1168 1127 1232 ubi
1149 1176 1265 1233 certam
1292 1175 1323 1233 et
1349 1189 1456 1233 reram
1485 1173 1702 1236 necessitatem
1732 1191 1846 1256 cogno·

245 1276 361 1354 verint,
382 1279 523 1337 nostram
545 1274 720 1337 iussionem
742 1272 912 1356 adimplere
934 1292 996 1335 non
1018 1271 1192 1355 neglegant.

343 1377 371 1439 3.
411 1375 590 1439 Volumusb
611 1376 718 1454 etiarn,
744 1380 780 1438 ut
808 1373 957 1437 omnibus
981 1380 1094 1437 notum
1114 1375 1169 1453 sit,
1193 1375 1269 1457 quia
1292 1374 1332 1438 ad
1360 1374 1418 1438 hoc
1445 1377 1607 1439 constituti
1636 1381 1726 1455 sunt,
1754 1382 1791 1440 ut
1810 1395 1847 1440 ea

203 1496 232 1532 1⁰
245 1498 327 1562 quae
348 1497 404 1562 per
418 1477 561 1560 capitula
580 1483 688 1541 nostra
712 1477 900 1560 generaliter
927 1477 966 1541 do
995 1475 1254 1559 quibuscumque
1279 1479 1384 1540 causis
1409 1478 1579 1540 statuimus
1604 1496 1660 1561 per
1680 1477 1750 1541 illos
1771 1485 1846 1541 nota

244 1579 526 1644 liantomnibus¹⁶
546 1581 630 1643 etin
652 1598 762 1642 eorum
785 1581 1004 1662 procuratione
1027 1579 1214 1659 consistant,
1240 1585 1276 1641 ut
1296 1576 1335 1641 ab
1356 1578 1506 1642 omnibus
1527 1578 1765 1662 adimpleantur.
1806 1579 1848 1643 let

246 1682 299 1745 ubi
321 1682 400 1745 forte
419 1682 526 1765 aliquo
556 1682 610 1745 tali
636 1681 875 1764 impedimento,
903 1680 988 1765 quod
1015 1699 1071 1764 per
1096 1699 1150 1744 eos
1175 1681 1334 1744 emendari
1363 1700 1428 1744 non
1454 1682 1566 1764 possit,
1593 1681 1713 1765 aliquid
1738 1682 1777 1746 do
1797 1682 1847 1746 his

245 1803 326 1867 quae
346 1785 571 1848 constituimus
591 1803 628 1847 ao
648 1784 803 1847 iussimus
822 1784 1009 1846 remanserit
1037 1782 1272 1866 imperfectum,
1297 1801 1407 1846 eorum
1427 1783 1528 1847 relatu
1549 1782 1641 1847 uobis
1662 1784 1700 1847 ad
1721 1791 1847 1867 tempus
1955 1822 1959 1827 ·

244 1886 414 1965 indicetur,
436 1891 472 1949 ut
490 1905 546 1970 per
566 1904 625 1949 nos
645 1886 821 1969 corrigatur
840 1884 925 1968 quod
944 1891 1000 1968 p'er
1018 1903 1072 1947 eos
1090 1886 1203 1968 corrigi
1224 1904 1289 1947 non
1307 1886 1417 1968 potuit.
1456 1963 1459 1969 ¹

206 2119 232 2158 1⁵
343 2114 373 2186 b)
392 2114 435 2169 De
444 2115 498 2169 hoe
507 2116 581 2186 quod
590 2132 640 2186 per
649 2115 747 2170 missos
755 2115 910 2170 dominicos
919 2133 951 2170 ea
962 2132 1033 2187 quae
1042 2133 1092 2186 per
1100 2116 1222 2187 capitula
1236 2122 1339 2171 statuta
1354 2124 1420 2171 suut
1433 2117 1562 2171 omnibus
1577 2123 1643 2171 uota
1659 2115 1718 2172 ficri
1728 2117 1848 2172 debeant

244 2196 379 2249 ηιὺνίοαηι
390 2196 632 2265 fiaoitAaaepaetm.

346 2418 394 2485 16)
403 2420 501 2472 ibidem
515 2439 536 2473 c.
545 2419 597 2489 263
611 2420 807 2491 archiepiscopi
819 2429 844 2473 ct
859 2421 966 2474 comites
978 2421 1074 2490 quma
1087 2421 1211 2492 incapite
1220 2419 1258 2473 26
1267 2420 1387 2492 captitula
1397 2429 1460 2473 autc
1468 2422 1566 2489 secere
1577 2421 1752 2491 praecipitur,
1768 2422 1848 2474 timna

244 2517 693 2587 cmanmnoramnaeaptapamo
702 2517 963 2570 maamrmmiaoatar.
1529 2528 1533 2533 '

496 3188 590 3290 152.
621 3181 1085 3293 LEGATIONIS
1127 3183 1594 3294 CAPITULUM.

916 3358 919 3365 ’
949 3356 1019 3434 826
1038 3358 1150 3432 initio

348 3530 456 3634 Apud
475 3549 665 3634 {imaginem
687 3550 800 3634 legitur
819 3549 879 3629 (ll,
893 3549 947 3628 28)
968 3561 1042 3633 post
1062 3550 1377 3613 cmnmmnorateonem
1398 3573 1478 3634 quoa
1498 3549 1661 3614 antecedit.
1704 3549 1848 3612 Pertzt'ua

246 3669 413 3742 armentque
431 3657 600 3720 malesanam
622 3656 799 3742 capitulare
820 3668 978 3740 tamquam
1000 3679 1096 3719 anum
1119 3654 1235 3732 edidm·
1255 3657 1467 3735 manuareetc,
1488 3678 1558 3717 cum
1578 3657 1613 3718 ia
1634 3655 1691 3719 lioc
1711 3654 1850 3739 capetulo

246 3758 329 3823 rilem
344 3761 465 3844 partim
487 3760 596 3822 maenia
616 3760 802 3842 ritiunqatur
829 3757 963 3842 quodie
981 3758 1265 3821 eorumemoratioae
1283 3758 1378 3820 etium
1394 3768 1598 3840 praeceptam
1620 3769 1673 3820 eat.
1727 3757 1848 3820 Uti-rita-

247 3878 305 3945 (με
326 3861 517 3945 capitularia
535 3863 688 3924 renonem
711 3859 804 3924 talem
825 3861 1022 3939 com'ecerain,
1046 3871 1082 3923 ut
1100 3861 1285 3944 raeparator,
1305 3860 1584 3922 minascmetontuo
1605 3858 1643 3922 de
1659 3860 1849 3942 praitauria·

206 3979 352 4025 aaronem
373 3964 484 4026 itiitere
511 3961 681 4025 sectandam
708 3963 1025 4025 emnmcmorataonem
1048 3973 1191 4046 peraeto,
1223 3962 1349 4024 ineante
1378 3965 1460 4022 anno
1481 3961 1659 4044 insequenti
1675 3959 1732 4022 hoe
1752 3958 1849 4024 altero

246 4063 385 4146 capitam
402 4066 531 4143 arieneos,
553 4065 612 4148 qui
627 4062 740 4127 rizelam
761 4062 1325 4147 mzpmati'mandatoaaaafaeorent,
1345 4063 1535 4126 castratam
1547 4062 1701 4126 tredecima.
1743 4063 1850 4126 llatae

245 4164 333 4228 Maio
352 4166 412 4228 itm·
429 4163 538 4246 facere
560 4166 656 4228 malasi
669 4164 725 4228 laec
744 4164 882 4249 capitulo
904 4166 1064 4246 coematur,
1085 4177 1121 4228 ut
1140 4167 1264 4228 ineante
1284 4187 1367 4228 anae
1388 4163 1503 4228 editam
1525 4165 1637 4228 deberi
1653 4165 1768 4229 debeat.

1138 4266 1193 4346 (B.
1208 4265 1305 4350 opteri.
1320 4264 1453 4350 Aaac9.,·
1479 4264 1516 4328 P.
1533 4266 1560 4344 J,
1575 4268 1645 4347 247,
1664 4291 1690 4329 c.
1703 4268 1749 4344 4.)

347 4423 490 4532 Nosse²
511 4489 567 4530 vos
587 4470 757 4545 credimtm,
780 4471 890 4552 quanti
910 4471 950 4533 sit
971 4469 1244 4553 ponderislegatio
1256 4468 1456 4552 quanrvobis
1468 4469 1688 4532 commisimus
1708 4478 1738 4530 et
1752 4488 1848 4551 quam

203 4573 288 4637 arsit
311 4571 522 4652 periculosum
546 4578 651 4634 tantae
672 4573 714 4634 rei
736 4591 846 4634 euram
869 4572 1049 4655 neglegere,
1070 4578 1220 4654 quantam
1244 4591 1300 4634 vos
1320 4590 1376 4656 pro
1397 4577 1504 4633 nostra
1523 4571 1666 4633 omnium
1686 4572 1848 4632 corunmni

247 4672 346 4737 salute
368 4693 408 4736 ex
430 4681 537 4736 nostra
557 4672 746 4756 obligatione
769 4675 944 4756 suscepisse
966 4693 1029 4736 non
1042 4675 1200 4757 ignoratis.
1242 4672 1288 4736 lle
1310 4693 1374 4756 qua
1393 4692 1466 4736 curn
1481 4693 1538 4736 vos
1557 4673 1849 4756 interrogassemus,

248 4795 312 4838 non
332 4777 377 4839 sie
397 4774 489 4839 nobis
512 4795 695 4859 responsum
719 4782 778 4851 est,
809 4784 845 4838 ut
865 4777 899 4838 in
920 4795 957 4838 eo
986 4794 1134 4859 responso
1157 4775 1301 4838 sufficere
1326 4776 1478 4858 potuisset
1499 4773 1537 4837 ad
1560 4774 1690 4838 eandem
1717 4774 1849 4858 disposi-

248 4878 380 4956 tionem,
403 4897 498 4959 quam
521 4896 627 4940 rerum
648 4877 818 4941 necessitas
841 4877 879 4941 ad
901 4896 1103 4940 communem
1117 4877 1282 4940 utilitatem
1301 4878 1526 4959 pertinentium
1538 4895 1665 4960 poscere
1686 4874 1850 4940 videbatur

247 4978 298 5041 vel
321 4998 403 5060 quae
425 4978 516 5042 nobis
538 4979 665 5062 aliquod
688 4981 864 5043 securitatis
885 4979 1030 5042 solatium
1053 4979 1163 5042 all'crro
1184 4980 1343 5062 potuisset.
1391 4977 1432 5042 Et
1453 4979 1510 5042 hoc
1530 4979 1600 5042 ideo
1618 4979 1760 5042 evenisse
1781 4998 1849 5062 per·

203 5104 236 5145 aa
249 5081 425 5162 speximus,
447 5082 520 5164 quia
543 5100 628 5144 anno
651 5083 830 5164 praeterito,
853 5080 978 5164 quando
1000 5080 1135 5163 capitula
1156 5079 1319 5162 legationis
1337 5088 1459 5143 vestrae
1470 5080 1560 5142 vobis
1581 5079 1739 5157 dedimus,
1759 5087 1850 5143 certate

248 5200 305 5244 ros
327 5180 493 5246 observare
515 5184 680 5260 iussimus,
700 5203 740 5247 ne
762 5185 830 5246 sine
851 5202 947 5246 eausa
968 5181 1017 5245 his
1039 5201 1119 5264 quos
1138 5182 1306 5244 honoratos
1328 5181 1557 5246 essevolumus
1578 5182 1684 5265 aliqua
1701 5181 1848 5246 fieretin·

248 5282 337 5345 iuria.
379 5281 577 5369 Quapropter
595 5284 744 5349 volumus
764 5284 854 5349 vobis
880 5290 991 5348 notum
1018 5283 1134 5364 facere,
1159 5283 1294 5366 qualiter
1321 5302 1407 5346 nune
1427 5282 1494 5347 Deo
1520 5284 1690 5348 adiurante
1716 5285 1846 5349 eandem

248 5386 422 5450 iussionem
444 5395 583 5450 nostram
596 5387 921 5470 debeatisadimplere.
955 5386 1125 5463 Volumus,
1146 5392 1182 5448 ut
1193 5386 1280 5448 missi
1293 5386 1407 5463 nostri,
1428 5405 1509 5467 quos
1523 5385 1561 5448 ad
1583 5386 1641 5449 hoe
1662 5389 1849 5451 constitutos

353 5646 381 5716 a)
402 5646 682 5702 Dcadrnonitorioud
692 5648 795 5719 eoequi
806 5646 1413 5720 legationefunguuturrubricarupmlrluceq.

308 5760 350 5799 un.
369 5759 553 5798 earrruranm
571 5760 588 5797 r.
