4380 6248
913 375 1172 434 CAPITULARIA
1196 377 1372 432 erl-827.
1884 373 1942 439 311

338 555 407 617 sive
429 571 541 636 agrum
561 553 628 615 sive
649 552 776 616 hortum
799 553 865 616 sive
886 554 1040 616 rusticum
1062 554 1257 637 mancipium
1278 553 1330 617 vel
1341 573 1439 637 panes
1450 554 1558 618 civiles
1568 554 1589 632 ‚¹
1611 573 1716 638 neque
1736 553 1943 618 creditoribus

338 655 484 739 specialis
504 654 698 737 hppcthecae
719 653 809 717 titulo
831 653 976 738 obligare.
1017 654 1228 718 Alienatiouis
1249 662 1356 718 autem
1385 655 1517 719 verbum
1541 658 1700 719 contineat
1718 656 1942 735 venditionem,

337 757 555 837 donationem,
577 758 840 840 permutationem
860 762 891 820 et
904 756 1156 839 emphitheuseos
1167 763 1357 840 perpetuum
1368 763 1572 821 contractum.
1613 757 1674 822 Sed
1686 777 1796 822 omnes
1812 760 1941 821 omnino

337 859 514 924 sacerdotes
534 858 717 923 huiusmodi
740 858 929 922 alienatione
943 858 1135 939 abstineant,
1156 878 1274 943 poenas
1294 861 1442 924 timentes
1467 880 1546 943 quas
1560 859 1719 924 leoniana
1738 861 1941 924 constitutio²

308 965 490 1042 ominatur,
523 961 556 1024 id
589 967 636 1024 est
663 965 700 1024 ut
724 962 752 1024 is
773 961 899 1043 quidem
927 962 982 1043 qui
1008 963 1235 1045 comparaverit
1265 981 1332 1025 rem
1360 961 1428 1025 loco
1455 962 1629 1025 venerabili
1659 961 1767 1025 reddat
1792 963 1884 1025 cuius
1910 969 1941 1025 et

335 1072 428 1128 antea
447 1064 563 1141 fuerat,
592 1063 710 1127 scilicet
729 1082 803 1126 cum
824 1061 979 1126 fructibus
1005 1063 1140 1146 aliisque
1167 1064 1392 1128 emolumentis
1418 1065 1553 1148 quaein
1576 1063 1679 1127 medio
1701 1070 1839 1147 tempore
1859 1064 1940 1127 facta

335 1173 424 1245 sunt3
455 1167 671 1248 hyconomum
698 1171 804 1229 autern
830 1164 979 1229 ecclesiae
1006 1173 1163 1256 praestaro
1191 1185 1285 1230 omne
1311 1167 1453 1246 lucrum,
1483 1166 1568 1250 quod
1591 1185 1632 1230 ex
1659 1166 1842 1230 huiusmodi
1868 1186 1939 1250 pro-

336 1269 435 1333 hibita
457 1269 644 1332 alienatione
663 1268 797 1331 senserit
816 1267 867 1330 vel
887 1267 1051 1331 ecclesiam
1074 1268 1189 1331 damno
1213 1268 1362 1345 effecerit,
1383 1269 1426 1331 ita
1448 1274 1484 1331 ut
1505 1269 1538 1331 in
1559 1275 1721 1352 posterum
1742 1270 1939 1350 hyconomus

333 1391 398 1435 non
420 1373 468 1435 sit
507 1370 580 1435 Non
598 1370 702 1433 solum
723 1375 827 1433 autem
850 1371 932 1452 ipse,
956 1370 1009 1433 sed
1030 1371 1124 1433 etiam
1145 1389 1343 1434 successores
1362 1372 1432 1435 eius
1451 1376 1633 1448 teneantur,
1655 1373 1721 1435 sive
1742 1373 1809 1454 ipse
1828 1371 1939 1452 archy—

297 1485 507 1537 uconomus·
537 1472 734 1551 alienaverit,
767 1472 834 1534 sivo
864 1473 1035 1554 respiciens
1067 1470 1258 1535 alienantem
1291 1474 1472 1556 episcopum
1501 1492 1564 1536 non
1592 1471 1803 1557 prohibuerim
1838 1473 1938 1537 multo

334 1577 435 1659 magis
462 1576 488 1639 si
512 1575 714 1638 consenserit.
759 1572 970 1637 Tabellionem
999 1580 1123 1652 autern,
1158 1575 1214 1656 qui
1241 1574 1314 1636 talia
1347 1574 1512 1637 interdicta
1545 1581 1722 1639 strumenta
1746 1577 1938 1660 conscripsit,

334 1684 483 1762 perpetuo
504 1677 599 1741 exilio
621 1677 701 1739 tradi
722 1683 850 1760 oportet.
892 1675 1093 1759 Magistratus
1114 1683 1237 1754 autem,
1265 1678 1320 1760 qui
1348 1677 1456 1740 eadem
1488 1686 1664 1741 shumenta
1690 1677 1888 1741 admiserunt
1907 1683 1938 1740 et

332 1778 495 1854 officiales,
515 1780 570 1862 qui
590 1797 717 1861 operam
741 1778 895 1842 dederunt
915 1783 950 1840 ut
970 1780 1187 1841 monumentis
1208 1779 1396 1842 intimentur
1412 1779 1597 1842 donationes
1608 1779 1657 1842 vel
1679 1790 1798 1843 ceterae
1821 1779 1937 1842 aliena·

331 1885 433 1946 tiones
459 1883 537 1944 actis
564 1878 849 1945 intervenientibus
875 1878 1118 1959 continuentur,
1145 1899 1209 1943 non
1239 1880 1341 1944 solum
1370 1883 1557 1964 magistratu
1585 1881 1639 1945 sed
1668 1883 1762 1944 etiarn
1784 1881 1937 1965 dignitate

293 2001 319 2040 1⁵
331 1991 362 2048 et
379 1983 583 2047 facrrltatibus
604 1985 671 2046 suis
698 1983 818 2046 cedant
863 1980 1007 2045 Remittit
1035 1989 1141 2046 autem
1167 1984 1349 2046 constitutio
1376 2003 1414 2047 ea
1442 2002 1524 2066 quae
1552 1982 1584 2044 in
1607 1981 1772 2064 praeterito
1798 1985 1936 2062 tempore

331 2095 399 2150 acta
425 2094 517 2163 sunt3
545 2087 661 2169 excipit
685 2092 790 2148 autem
816 2084 971 2167 quosdam
998 2090 1195 2164 contractus,
1230 2104 1310 2168 quos
1334 2087 1368 2148 in
1395 2084 1602 2169 sequentibus
1627 2084 1756 2166 exponit
1783 2080 1936 2164 capitulis,

331 2207 385 2272 per
405 2208 486 2271 quos
506 2195 537 2251 et
557 2187 760 2250 ecclesiarum
784 2186 964 2250 immobiles
985 2206 1035 2251 res
1062 2188 1192 2250 alienari
1217 2195 1358 2271 possunt
1404 2186 1696 2258 Exenodochium,³
1722 2185 1753 2247 id
1781 2192 1828 2247 est
1847 2184 1936 2245 locus

329 2290 520 2354 venerabilis
540 2291 574 2352 in
596 2308 660 2373 quo
680 2289 836 2372 peregrini
861 2290 1087 2371 suscipiuntur.
1134 2288 1428 2374 Ptochotrophium,
1452 2290 1552 2353 idest
1578 2289 1667 2352 locus
1692 2285 1881 2351 venerabilis
1901 2286 1935 2347 iu

331 2413 393 2476 quo
415 2411 569 2477 pauperes
590 2396 621 2455 et
641 2390 758 2454 infirmi
781 2391 924 2454 homines
946 2399 1126 2473 pascuntur.
1178 2391 1439 2470 Nosochomium‚
1462 2392 1495 2454 id
1515 2399 1563 2455 est
1583 2391 1672 2454 locus
1693 2388 1881 2454 venerabilis
1902 2390 1934 2451 in

292 2514 394 2578 mque
416 2495 534 2577 aegroti
555 2494 699 2557 homines
718 2498 878 2555 curantur.
921 2492 1246 2576 orphanotrophium,
1277 2495 1308 2558 id
1334 2501 1383 2559 est
1407 2495 1496 2558 locus
1524 2492 1713 2557 venerabilis
1740 2494 1773 2555 in
1796 2512 1859 2575 quo
1882 2512 1934 2576 pa-

330 2596 474 2660 rentibus
502 2596 601 2659 orbati
626 2596 715 2679 pueri
743 2601 926 2677 pascuntur.
982 2594 1297 2674 Gerontochomium,
1331 2597 1362 2659 id
1396 2603 1443 2661 cst
1476 2597 1565 2659 locus
1593 2594 1781 2660 venerabilis
1812 2596 1845 2657 in
1871 2614 1934 2678 quo

329 2719 483 2784 pauperes
504 2705 536 2763 ot
556 2704 682 2782 propter
701 2703 895 2761 senectutem
921 2699 1020 2761 solam
1049 2698 1167 2761 infirmi
1195 2699 1339 2762 homines
1368 2704 1528 2761 curantur.
1575 2696 1878 2780 Brephotrophium‚
1903 2697 1934 2760 id

328 2810 376 2866 est
393 2803 482 2866 locus
504 2800 692 2865 venerabilis
713 2801 746 2862 in
768 2820 831 2883 quo
850 2801 987 2863 infantes
1008 2800 1144 2864 aluntur.

427 2911 455 2969 2.
498 2904 529 2968 Si
560 2905 704 2987 princeps
730 2902 865 2964 volucrit
891 2921 957 2966 rem
985 2902 1180 2966 immobilem
1207 2909 1316 2966 sancto
1341 2906 1408 2965 loco
1436 2909 1593 2986 praestare
1621 2908 1651 2965 et
1672 2903 1811 2985 accipere
1836 2900 1876 2964 ab
1897 2920 1934 2964 eo

292 3021 318 3060 ’ὁ
330 3007 424 3070 aliam
444 3004 639 3069 immobilem
656 3023 722 3067 rem
743 3009 774 3067 et
794 3023 830 3066 eo
851 3005 944 3067 modo
963 3007 1227 3088 pennutationem
1249 3005 1445 3085 contrahere,
1465 3004 1556 3067 liceat
1578 3005 1637 3067 hoc
1657 3003 1758 3067 facere
1777 3004 1806 3067 ei
1827 3004 1934 3067 divina

329 3110 521 3193 pragmatica
542 3109 705 3171 sanctione
724 3105 763 3169 ab
784 3126 820 3169 eo
841 3107 1045 3190 promulgata.

432 3328 460 3398 a)
480 3329 713 3384 oeconomualal.

429 3543 459 3610 1)
480 3545 569 3598 Pauca
577 3544 667 3598 civiles
674 3545 717 3598 acl
723 3545 852 3614 maruha,
868 3545 918 3614 qui
928 3546 963 3597 cu
970 3547 1103 3615 praedibus
1115 3546 1218 3616 palato
1225 3546 1321 3616 poleam
1330 3547 1546 3616 accr'pnbdoator5
1561 3544 1690 3614 Gothojr.
1700 3547 1740 3597 od
1749 3544 1817 3599 Cod.
1832 3546 1931 3599 Theoti.
1943 3555 1945 3558 ⁴

326 3641 500 3711 marai.
562 3642 594 3703 a)
612 3642 1131 3716 a.1aoaa.‹o0«0r0a000a⁸,(r,a)
1193 3644 1222 3704 aa
1242 3622 1891 3712 naeafiaommaaauaa,„loricatam

386 4351 479 4456 154.
521 4348 911 4458 CAPITULA
950 4347 997 4455 E
1040 4345 1419 4493 CONOILHS
1456 4347 1870 4457 EXOERPTA.

1030 4519 1110 4598 aaa
1129 4519 1227 4599 aaa?

430 4699 600 4803 Lepaatur
625 4717 699 4800 apso
725 4716 759 4778 io
785 4713 865 4796 solii
891 4713 1067 4799 scapulariis
1088 4713 1278 4799 fraymentrb
1301 4713 1437 4794 (luobus,
1463 4737 1543 4798 qaae
1569 4715 1603 4777 c'a
1632 4692 1820 4778 bibliotheca*
1842 4717 1930 4801 repr'a

326 4826 513 4890 Monaceno·
528 4834 709 4900 sonantum
733 4820 791 4885 aed
801 4822 1021 4905 frapmcutum
1040 4819 1211 4884 secondum
1222 4822 1298 4883 aad
1314 4821 1405 4883 thiat>
1424 4821 1540 4904 capr'trb
1561 4822 1645 4884 noni.
1692 4822 1807 4885 Ornata
1826 4836 1927 4888 autea

325 4951 406 5012 quoe
426 4925 478 4990 laic
495 4936 669 5010 aequamur
697 4925 738 4987 ab
757 4923 912 5007 Accepere
936 4934 1062 4986 acroota
1089 4935 1165 4985 soret
1189 4921 1268 4986 libro
1291 4922 1428 4987 amando
1454 4925 1612 5008 capitibus
1631 4927 1668 4990 31
1680 4929 1772 5006 -46,
1803 4929 1930 4991 ονηίεείε

258 5041 430 5093 ῆείαηιωι
455 5028 599 5091 caremban
626 5021 762 5109 scatebra
792 5026 875 5088 notra
902 5024 1054 5108 equabus
1079 5023 1155 5087 daec
1179 5027 1285 5109 carpito
1308 5025 1477 5106 limmat.
1528 5025 1682 5090 Deeumta
1709 5030 1790 5091 entia
1816 5042 1930 5093 sante

327 5129 529 5195 coaohhom
554 5152 737 5214 arcamarcaa
760 5129 934 5192 caamu'bus
962 5150 1045 5190 auno
1064 5130 1123 5192 813
1149 5126 1267 5191 Karolt‘
1289 5128 1379 5190 abaco
1402 5127 1633 5192 celebratorum.
1681 5129 1830 5194 Fortasse
1854 5131 1930 5194 lruec

329 5233 437 5317 capa'ta
456 5233 491 5295 ia
509 5229 641 5294 conca'lcb
660 5229 795 5315 qiwdam
817 5229 1003 5293 Illadowica'
1017 5242 1119 5293 aetate
1139 5252 1222 5292 cano
1234 5229 1310 5313 fere
1328 5232 1388 5295 826
1406 5242 1567 5314 accepta,
1595 5232 1635 5294 ab
1656 5232 1841 5315 claperotore
1861 5256 1930 5296 corr·

326 5335 456 5412 fimeta
476 5345 507 5398 et
523 5332 605 5396 boae
631 5334 668 5396 ob
693 5357 822 5396 caueam
848 5333 889 5396 ab
914 5332 1070 5417 Auaepa'ao
1092 5342 1217 5415 recepta
1241 5343 1323 5394 aaut.
1373 5331 1514 5396 Stinilem
1539 5331 1705 5396 madero
1730 5333 1930 5398 conaltbrnm

328 5457 483 5500 canonum
504 5435 753 5498 abbreviatomrn
773 5433 945 5519 cooperabor
965 5431 1085 5495 Karola’
1105 5433 1206 5496 aetati
1228 5455 1329 5517 supra
1349 5435 1437 5520 (paq.
1451 5433 1522 5514 173)
1543 5434 1719 5499 miotinae
1770 5434 1931 5500 Caere-um

271 5535 405 5602 *cloec
425 5537 535 5622 eapa‘ta
554 5547 620 5600 tam
640 5535 833 5624 aeplepenter
853 5546 999 5616 excepta
1018 5545 1103 5615 eunt,
1122 5545 1160 5597 at
1177 5535 1285 5619 oapa'to
1301 5536 1377 5602 4.5.
1398 5557 1416 5600 e
1434 5534 1619 5624 Mopaaho
1638 5536 1769 5602 masto
1789 5537 1934 5603 marato

328 5639 454 5704 omiaho
470 5637 541 5722 sere
565 5638 763 5703 emathiam
780 5637 941 5722 capa‘ta'bao
960 5638 1000 5702 lb
1020 5648 1049 5700 et
1068 5636 1123 5717 14,
1149 5658 1231 5721 quoae
1250 5637 1286 5700 in
1304 5634 1491 5703 delam
1504 5637 1638 5709 cenulae
1653 5650 1777 5707 muto
1790 5640 1933 5725 saa-ont.
