<?xml version="1.0" encoding="UTF-8"?>
<!DOCTYPE html PUBLIC "-//W3C//DTD XHTML 1.0 Transitional//EN"
    "http://www.w3.org/TR/xhtml1/DTD/xhtml1-transitional.dtd">
<html xmlns="http://www.w3.org/1999/xhtml" xml:lang="en" lang="en">
 <head>
  <title>
</title>
<meta http-equiv="Content-Type" content="text/html;charset=utf-8" />
  <meta name='ocr-system' content='tesseract 3.04.00' />
  <meta name='ocr-capabilities' content='ocr_page ocr_carea ocr_par ocr_line ocrx_word'/>
</head>
<body>
  <div class='ocr_page' id='page_1' title='image "./monumentagerman00goog_0031.png"; bbox 0 0 4380 6248; ppageno 0'>
   <div class='ocr_carea' id='block_1_1' title="bbox 272 340 1352 402">
    <p class='ocr_par' dir='ltr' id='par_1_1' title="bbox 272 340 1352 402">
     <span class='ocr_line' id='line_1_1' title="bbox 272 340 1352 402; baseline -0.002 -2"><span class='ocrx_word' id='word_1_1' title='bbox 272 340 308 402; x_wconf 77' lang='lat' dir='ltr'>ll</span> <span class='ocrx_word' id='word_1_2' title='bbox 787 342 1047 400; x_wconf 76' lang='lat' dir='ltr'>CAPITULARIA</span> <span class='ocrx_word' id='word_1_3' title='bbox 1069 343 1352 399; x_wconf 76' lang='lat' dir='ltr'>MEROWINGICA.</span> 
     </span>
    </p>
   </div>
   <div class='ocr_carea' id='block_1_2' title="bbox 267 523 1923 4370">
    <p class='ocr_par' dir='ltr' id='par_1_2' title="bbox 267 523 1923 4370">
     <span class='ocr_line' id='line_1_2' title="bbox 270 523 1874 609; baseline 0.002 -23"><span class='ocrx_word' id='word_1_4' title='bbox 270 523 500 587; x_wconf 86' lang='lat' dir='ltr'>Guntchramni</span> <span class='ocrx_word' id='word_1_5' title='bbox 522 526 604 607; x_wconf 89' lang='lat' dir='ltr'>regis</span> <span class='ocrx_word' id='word_1_6' title='bbox 626 524 674 588; x_wconf 87' lang='lat' dir='ltr'>vel</span> <span class='ocrx_word' id='word_1_7' title='bbox 700 524 892 588; x_wconf 82' lang='lat' dir='ltr'><strong>Francorum</strong></span> <span class='ocrx_word' id='word_1_8' title='bbox 920 524 1143 608; x_wconf 83' lang='lat' dir='ltr'>superstitibus</span> <span class='ocrx_word' id='word_1_9' title='bbox 1165 523 1338 608; x_wconf 84' lang='lat' dir='ltr'>Chilperico</span> <span class='ocrx_word' id='word_1_10' title='bbox 1360 532 1391 588; x_wconf 91' lang='lat' dir='ltr'>et</span> <span class='ocrx_word' id='word_1_11' title='bbox 1410 525 1564 609; x_wconf 88' lang='lat' dir='ltr'>Sigiberto</span> <span class='ocrx_word' id='word_1_12' title='bbox 1586 524 1728 608; x_wconf 86' lang='lat' dir='ltr'>regibus,</span> <span class='ocrx_word' id='word_1_13' title='bbox 1758 526 1874 589; x_wconf 92' lang='lat' dir='ltr'>domna</span> 
     </span>
     <span class='ocr_line' id='line_1_3' title="bbox 269 625 1873 710; baseline 0.001 -22"><span class='ocrx_word' id='word_1_14' title='bbox 269 625 483 689; x_wconf 88' lang='lat' dir='ltr'>Brunichildis</span> <span class='ocrx_word' id='word_1_15' title='bbox 509 628 649 690; x_wconf 88' lang='lat' dir='ltr'>noscitur</span> <span class='ocrx_word' id='word_1_16' title='bbox 677 627 870 710; x_wconf 80' lang='lat' dir='ltr'>adquisisse,</span> <span class='ocrx_word' id='word_1_17' title='bbox 898 628 942 689; x_wconf 91' lang='lat' dir='ltr'>ita</span> <span class='ocrx_word' id='word_1_18' title='bbox 962 628 1126 705; x_wconf 89' lang='lat' dir='ltr'>convenit,</span> <span class='ocrx_word' id='word_1_19' title='bbox 1155 632 1191 690; x_wconf 92' lang='lat' dir='ltr'>ut</span> <span class='ocrx_word' id='word_1_20' title='bbox 1214 625 1376 690; x_wconf 84' lang='lat' dir='ltr'>Cadurcus</span> <span class='ocrx_word' id='word_1_21' title='bbox 1402 628 1561 690; x_wconf 88' lang='lat' dir='ltr'>civitatem</span> <span class='ocrx_word' id='word_1_22' title='bbox 1590 647 1664 690; x_wconf 88' lang='grc'>0001</span> <span class='ocrx_word' id='word_1_23' title='bbox 1685 627 1873 691; x_wconf 72' lang='lat' dir='ltr'>terminibus</span> 
     </span>
     <span class='ocr_line' id='line_1_4' title="bbox 268 727 1874 812; baseline 0.001 -22"><span class='ocrx_word' id='word_1_24' title='bbox 268 734 300 790; x_wconf 89' lang='lat' dir='ltr'>et</span> <span class='ocrx_word' id='word_1_25' title='bbox 320 733 434 790; x_wconf 92' lang='lat' dir='ltr'>cuncto</span> <span class='ocrx_word' id='word_1_26' title='bbox 455 727 572 811; x_wconf 92' lang='lat' dir='ltr'>populo</span> <span class='ocrx_word' id='word_1_27' title='bbox 593 748 650 792; x_wconf 91' lang='lat' dir='ltr'>suo</span> <span class='ocrx_word' id='word_1_28' title='bbox 672 728 788 792; x_wconf 89' lang='lat' dir='ltr'>domna</span> <span class='ocrx_word' id='word_1_29' title='bbox 809 727 1025 792; x_wconf 89' lang='lat' dir='ltr'>Brunichildis</span> <span class='ocrx_word' id='word_1_30' title='bbox 1046 728 1085 792; x_wconf 93' lang='lat' dir='ltr'>de</span> <span class='ocrx_word' id='word_1_31' title='bbox 1104 730 1259 811; x_wconf 80' lang='lat' dir='ltr'>praesenti</span> <span class='ocrx_word' id='word_1_32' title='bbox 1286 730 1319 790; x_wconf 93' lang='lat' dir='ltr'>in</span> <span class='ocrx_word' id='word_1_33' title='bbox 1345 749 1403 791; x_wconf 89' lang='lat' dir='ltr'>sua</span> <span class='ocrx_word' id='word_1_34' title='bbox 1423 731 1590 811; x_wconf 72' lang='lat' dir='ltr'>potestates</span> <span class='ocrx_word' id='word_1_35' title='bbox 1608 730 1773 812; x_wconf 72' lang='lat' dir='ltr'>percipiat,</span> <span class='ocrx_word' id='word_1_36' title='bbox 1803 729 1874 792; x_wconf 89' lang='lat' dir='ltr'>reli-</span> 
     </span>
     <span class='ocr_line' id='line_1_5' title="bbox 268 829 1871 913; baseline 0.001 -21"><span class='ocrx_word' id='word_1_37' title='bbox 268 849 349 912; x_wconf 89' lang='lat' dir='ltr'>quas</span> <span class='ocrx_word' id='word_1_38' title='bbox 370 849 444 893; x_wconf 87' lang='lat' dir='ltr'>vero</span> <span class='ocrx_word' id='word_1_39' title='bbox 465 831 606 893; x_wconf 89' lang='lat' dir='ltr'>civitates</span> <span class='ocrx_word' id='word_1_40' title='bbox 627 849 668 893; x_wconf 83' lang='lat' dir='ltr'>ex</span> <span class='ocrx_word' id='word_1_41' title='bbox 689 830 747 893; x_wconf 88' lang='lat' dir='ltr'>hac</span> <span class='ocrx_word' id='word_1_42' title='bbox 768 830 951 893; x_wconf 87' lang='lat' dir='ltr'>condicione</span> <span class='ocrx_word' id='word_1_43' title='bbox 973 830 1120 913; x_wconf 89' lang='lat' dir='ltr'>superius</span> <span class='ocrx_word' id='word_1_44' title='bbox 1140 830 1318 893; x_wconf 91' lang='lat' dir='ltr'>nominatas</span> <span class='ocrx_word' id='word_1_45' title='bbox 1340 829 1477 893; x_wconf 91' lang='lat' dir='ltr'>domnus</span> <span class='ocrx_word' id='word_1_46' title='bbox 1499 829 1773 909; x_wconf 83' lang='lat' dir='ltr'>Guntchramnus,</span> <span class='ocrx_word' id='word_1_47' title='bbox 1797 830 1871 894; x_wconf 91' lang='lat' dir='ltr'>dum</span> 
     </span>
     <span class='ocr_line' id='line_1_6' title="bbox 268 930 1919 1015; baseline -0.004 -21"><span class='ocrx_word' id='word_1_48' title='bbox 268 930 402 1011; x_wconf 75' lang='lat' dir='ltr'>advivit,</span> <span class='ocrx_word' id='word_1_49' title='bbox 428 932 607 1015; x_wconf 88' lang='lat' dir='ltr'>possedeat;</span> <span class='ocrx_word' id='word_1_50' title='bbox 634 933 750 1009; x_wconf 89' lang='lat' dir='ltr'>itaut,</span> <span class='ocrx_word' id='word_1_51' title='bbox 779 931 1037 1015; x_wconf 87' lang='lat' dir='ltr'>quandoquidem</span> <span class='ocrx_word' id='word_1_52' title='bbox 1057 937 1128 1014; x_wconf 89' lang='lat' dir='ltr'>post</span> <span class='ocrx_word' id='word_1_53' title='bbox 1149 932 1218 994; x_wconf 90' lang='lat' dir='ltr'>eius</span> <span class='ocrx_word' id='word_1_54' title='bbox 1239 932 1423 1010; x_wconf 84' lang='lat' dir='ltr'>transitum,</span> <span class='ocrx_word' id='word_1_55' title='bbox 1450 933 1483 993; x_wconf 93' lang='grc'>10</span> <span class='ocrx_word' id='word_1_56' title='bbox 1505 930 1718 995; x_wconf 90' lang='lat' dir='ltr'>dominatione</span> <span class='ocrx_word' id='word_1_57' title='bbox 1740 932 1874 994; x_wconf 81' lang='lat' dir='ltr'>domnae</span> <span class='ocrx_word' id='word_1_58' title='bbox 1906 951 1919 988; x_wconf 76' lang='lat' dir='ltr'>a</span> 
     </span>
     <span class='ocr_line' id='line_1_7' title="bbox 269 1030 1874 1116; baseline -0.001 -19"><span class='ocrx_word' id='word_1_59' title='bbox 269 1033 484 1097; x_wconf 89' lang='lat' dir='ltr'>Brunichildis</span> <span class='ocrx_word' id='word_1_60' title='bbox 503 1033 719 1116; x_wconf 88' lang='lat' dir='ltr'>heredumque</span> <span class='ocrx_word' id='word_1_61' title='bbox 738 1052 870 1097; x_wconf 87' lang='lat' dir='ltr'>snorum</span> <span class='ocrx_word' id='word_1_62' title='bbox 892 1051 966 1096; x_wconf 90' lang='lat' dir='ltr'>cum</span> <span class='ocrx_word' id='word_1_63' title='bbox 987 1034 1074 1096; x_wconf 91' lang='lat' dir='ltr'>omni</span> <span class='ocrx_word' id='word_1_64' title='bbox 1095 1032 1250 1096; x_wconf 90' lang='lat' dir='ltr'>soliditate</span> <span class='ocrx_word' id='word_1_65' title='bbox 1260 1030 1328 1096; x_wconf 92' lang='lat' dir='ltr'>Deo</span> <span class='ocrx_word' id='word_1_66' title='bbox 1349 1033 1482 1116; x_wconf 90' lang='lat' dir='ltr'>propitio</span> <span class='ocrx_word' id='word_1_67' title='bbox 1505 1038 1720 1111; x_wconf 69' lang='lat' dir='ltr'>revertantur,</span> <span class='ocrx_word' id='word_1_68' title='bbox 1743 1052 1801 1096; x_wconf 92' lang='grc'>000</span> <span class='ocrx_word' id='word_1_69' title='bbox 1821 1053 1874 1096; x_wconf 92' lang='lat' dir='ltr'>su-</span> 
     </span>
     <span class='ocr_line' id='line_1_8' title="bbox 268 1132 1874 1218; baseline 0.001 -21"><span class='ocrx_word' id='word_1_70' title='bbox 268 1135 396 1217; x_wconf 85' lang='lat' dir='ltr'>perstite</span> <span class='ocrx_word' id='word_1_71' title='bbox 416 1135 531 1198; x_wconf 92' lang='lat' dir='ltr'>domno</span> <span class='ocrx_word' id='word_1_72' title='bbox 553 1134 801 1212; x_wconf 78' lang='lat' dir='ltr'>GuntchramnO,</span> <span class='ocrx_word' id='word_1_73' title='bbox 822 1153 927 1218; x_wconf 89' lang='lat' dir='ltr'>neque</span> <span class='ocrx_word' id='word_1_74' title='bbox 948 1155 966 1197; x_wconf 89' lang='lat' dir='ltr'>a</span> <span class='ocrx_word' id='word_1_75' title='bbox 987 1134 1103 1197; x_wconf 93' lang='lat' dir='ltr'>domna</span> <span class='ocrx_word' id='word_1_76' title='bbox 1124 1133 1330 1198; x_wconf 89' lang='lat' dir='ltr'>Brunichilde</span> <span class='ocrx_word' id='word_1_77' title='bbox 1350 1153 1454 1217; x_wconf 90' lang='lat' dir='ltr'>neque</span> <span class='ocrx_word' id='word_1_78' title='bbox 1475 1153 1494 1196; x_wconf 89' lang='lat' dir='ltr'>a</span> <span class='ocrx_word' id='word_1_79' title='bbox 1514 1132 1579 1196; x_wconf 91' lang='lat' dir='ltr'>filio</span> <span class='ocrx_word' id='word_1_80' title='bbox 1600 1152 1658 1196; x_wconf 90' lang='lat' dir='ltr'>suo</span> <span class='ocrx_word' id='word_1_81' title='bbox 1676 1132 1874 1198; x_wconf 83' lang='lat' dir='ltr'>Childeberto</span> 
     </span>
     <span class='ocr_line' id='line_1_9' title="bbox 268 1234 1874 1320; baseline 0 -22"><span class='ocrx_word' id='word_1_82' title='bbox 268 1255 341 1319; x_wconf 91' lang='lat' dir='ltr'>rege</span> <span class='ocrx_word' id='word_1_83' title='bbox 368 1236 505 1319; x_wconf 88' lang='lat' dir='ltr'>filiisque</span> <span class='ocrx_word' id='word_1_84' title='bbox 530 1238 598 1299; x_wconf 89' lang='grc'>0010</span> <span class='ocrx_word' id='word_1_85' title='bbox 619 1236 760 1320; x_wconf 88' lang='lat' dir='ltr'>quolibet</span> <span class='ocrx_word' id='word_1_86' title='bbox 784 1237 912 1319; x_wconf 88' lang='lat' dir='ltr'>ingenio</span> <span class='ocrx_word' id='word_1_87' title='bbox 938 1236 987 1299; x_wconf 91' lang='lat' dir='ltr'>vel</span> <span class='ocrx_word' id='word_1_88' title='bbox 1016 1243 1156 1320; x_wconf 88' lang='lat' dir='ltr'>tempore</span> <span class='ocrx_word' id='word_1_89' title='bbox 1184 1242 1373 1319; x_wconf 88' lang='lat' dir='ltr'>repetantur.</span> <span class='ocrx_word' id='word_1_90' title='bbox 1417 1234 1518 1300; x_wconf 86' lang='lat' dir='ltr'>Simili</span> <span class='ocrx_word' id='word_1_91' title='bbox 1538 1235 1631 1298; x_wconf 93' lang='lat' dir='ltr'>modo</span> <span class='ocrx_word' id='word_1_92' title='bbox 1652 1237 1814 1316; x_wconf 89' lang='lat' dir='ltr'>convenit,</span> <span class='ocrx_word' id='word_1_93' title='bbox 1838 1247 1874 1299; x_wconf 87' lang='lat' dir='ltr'>ut</span> 
     </span>
     <span class='ocr_line' id='line_1_10' title="bbox 270 1336 1875 1421; baseline 0 -20"><span class='ocrx_word' id='word_1_94' title='bbox 270 1337 456 1401; x_wconf 79' lang='lat' dir='ltr'>Silvanectis</span> <span class='ocrx_word' id='word_1_95' title='bbox 476 1338 614 1401; x_wconf 90' lang='lat' dir='ltr'>domnus</span> <span class='ocrx_word' id='word_1_96' title='bbox 634 1336 852 1402; x_wconf 70' lang='lat' dir='ltr'>childebertus</span> <span class='ocrx_word' id='word_1_97' title='bbox 877 1339 911 1400; x_wconf 90' lang='grc'>10</span> <span class='ocrx_word' id='word_1_98' title='bbox 932 1339 1109 1421; x_wconf 88' lang='lat' dir='ltr'>integritate</span> <span class='ocrx_word' id='word_1_99' title='bbox 1132 1342 1251 1416; x_wconf 86' lang='lat' dir='ltr'>teneat,</span> <span class='ocrx_word' id='word_1_100' title='bbox 1279 1343 1325 1418; x_wconf 90' lang='lat' dir='ltr'>et,</span> <span class='ocrx_word' id='word_1_101' title='bbox 1350 1343 1506 1421; x_wconf 90' lang='lat' dir='ltr'>quantum</span> <span class='ocrx_word' id='word_1_102' title='bbox 1531 1337 1623 1400; x_wconf 91' lang='lat' dir='ltr'>tertia</span> <span class='ocrx_word' id='word_1_103' title='bbox 1644 1337 1751 1400; x_wconf 90' lang='lat' dir='ltr'>domni</span> <span class='ocrx_word' id='word_1_104' title='bbox 1773 1336 1875 1401; x_wconf 87' lang='lat' dir='ltr'>Gunt-</span> 
     </span>
     <span class='ocr_line' id='line_1_11' title="bbox 269 1437 1920 1523; baseline -0.002 -21"><span class='ocrx_word' id='word_1_105' title='bbox 269 1439 411 1502; x_wconf 88' lang='lat' dir='ltr'>chramni</span> <span class='ocrx_word' id='word_1_106' title='bbox 432 1439 546 1502; x_wconf 83' lang='lat' dir='ltr'>exinde</span> <span class='ocrx_word' id='word_1_107' title='bbox 566 1438 670 1503; x_wconf 88' lang='lat' dir='ltr'>debita</span> <span class='ocrx_word' id='word_1_108' title='bbox 690 1441 853 1523; x_wconf 90' lang='lat' dir='ltr'>competit,</span> <span class='ocrx_word' id='word_1_109' title='bbox 880 1439 918 1503; x_wconf 88' lang='lat' dir='ltr'>de</span> <span class='ocrx_word' id='word_1_110' title='bbox 947 1440 1038 1503; x_wconf 88' lang='lat' dir='ltr'>tertia</span> <span class='ocrx_word' id='word_1_111' title='bbox 1059 1439 1167 1502; x_wconf 91' lang='lat' dir='ltr'>domni</span> <span class='ocrx_word' id='word_1_112' title='bbox 1188 1437 1376 1503; x_wconf 82' lang='lat' dir='ltr'>Childeberti</span> <span class='ocrx_word' id='word_1_113' title='bbox 1406 1458 1488 1522; x_wconf 89' lang='lat' dir='ltr'>quae</span> <span class='ocrx_word' id='word_1_114' title='bbox 1508 1444 1556 1502; x_wconf 90' lang='lat' dir='ltr'>est</span> <span class='ocrx_word' id='word_1_115' title='bbox 1576 1440 1609 1501; x_wconf 89' lang='grc'>10</span> <span class='ocrx_word' id='word_1_116' title='bbox 1630 1437 1920 1502; x_wconf 70' lang='grc' dir='ltr'>1100001100οΙ50</span> 
     </span>
     <span class='ocr_line' id='line_1_12' title="bbox 269 1540 1875 1625; baseline -0.001 -22"><span class='ocrx_word' id='word_1_117' title='bbox 269 1541 377 1604; x_wconf 89' lang='lat' dir='ltr'>domni</span> <span class='ocrx_word' id='word_1_118' title='bbox 398 1540 626 1604; x_wconf 83' lang='lat' dir='ltr'>Guntchramni</span> <span class='ocrx_word' id='word_1_119' title='bbox 648 1540 790 1624; x_wconf 87' lang='lat' dir='ltr'>partibus</span> <span class='ocrx_word' id='word_1_120' title='bbox 811 1548 1040 1625; x_wconf 85' lang='lat' dir='ltr'>compensetur.</span> <span class='ocrx_word' id='word_1_121' title='bbox 1083 1540 1235 1605; x_wconf 87' lang='lat' dir='ltr'>Similiter</span> <span class='ocrx_word' id='word_1_122' title='bbox 1255 1541 1418 1619; x_wconf 91' lang='lat' dir='ltr'>convenit,</span> <span class='ocrx_word' id='word_1_123' title='bbox 1447 1549 1483 1604; x_wconf 92' lang='lat' dir='ltr'>ut</span> <span class='ocrx_word' id='word_1_124' title='bbox 1510 1540 1686 1604; x_wconf 91' lang='lat' dir='ltr'>secundum</span> <span class='ocrx_word' id='word_1_125' title='bbox 1715 1541 1875 1624; x_wconf 85' lang='lat' dir='ltr'>pactiones</span> 
     </span>
     <span class='ocr_line' id='line_1_13' title="bbox 267 1641 1875 1726; baseline 0.001 -22"><span class='ocrx_word' id='word_1_126' title='bbox 267 1643 350 1705; x_wconf 90' lang='lat' dir='ltr'>inter</span> <span class='ocrx_word' id='word_1_127' title='bbox 371 1642 524 1704; x_wconf 91' lang='lat' dir='ltr'>domnum</span> <span class='ocrx_word' id='word_1_128' title='bbox 545 1641 821 1705; x_wconf 79' lang='lat' dir='ltr'>Guntchramnum</span> <span class='ocrx_word' id='word_1_129' title='bbox 848 1649 880 1706; x_wconf 83' lang='lat' dir='ltr'>et.</span> <span class='ocrx_word' id='word_1_130' title='bbox 906 1642 1008 1707; x_wconf 89' lang='lat' dir='ltr'>bonae</span> <span class='ocrx_word' id='word_1_131' title='bbox 1034 1645 1205 1707; x_wconf 85' lang='lat' dir='ltr'>memoriae</span> <span class='ocrx_word' id='word_1_132' title='bbox 1232 1643 1386 1706; x_wconf 90' lang='lat' dir='ltr'>domnum</span> <span class='ocrx_word' id='word_1_133' title='bbox 1408 1641 1599 1726; x_wconf 83' lang='lat' dir='ltr'>Sigibertum</span> <span class='ocrx_word' id='word_1_134' title='bbox 1626 1643 1739 1721; x_wconf 89' lang='lat' dir='ltr'>initas,</span> <span class='ocrx_word' id='word_1_135' title='bbox 1766 1642 1875 1705; x_wconf 85' lang='lat' dir='ltr'>leudes</span> 
     </span>
     <span class='ocr_line' id='line_1_14' title="bbox 268 1742 1875 1828; baseline 0.001 -22"><span class='ocrx_word' id='word_1_136' title='bbox 268 1744 314 1806; x_wconf 93' lang='lat' dir='ltr'>illi</span> <span class='ocrx_word' id='word_1_137' title='bbox 336 1745 391 1826; x_wconf 92' lang='lat' dir='ltr'>qui</span> <span class='ocrx_word' id='word_1_138' title='bbox 413 1744 528 1806; x_wconf 91' lang='lat' dir='ltr'>domno</span> <span class='ocrx_word' id='word_1_139' title='bbox 550 1742 788 1807; x_wconf 87' lang='lat' dir='ltr'>Guntchramno</span> <span class='ocrx_word' id='word_1_140' title='bbox 816 1751 887 1828; x_wconf 90' lang='lat' dir='ltr'>post</span> <span class='ocrx_word' id='word_1_141' title='bbox 912 1746 1081 1808; x_wconf 89' lang='lat' dir='ltr'>transitum</span> <span class='ocrx_word' id='word_1_142' title='bbox 1108 1745 1216 1808; x_wconf 93' lang='lat' dir='ltr'>domni</span> <span class='ocrx_word' id='word_1_143' title='bbox 1237 1744 1486 1808; x_wconf 67' lang='lat' dir='ltr'>chlothacharii¹</span> <span class='ocrx_word' id='word_1_144' title='bbox 1513 1749 1709 1807; x_wconf 87' lang='lat' dir='ltr'>sacramenta</span> <span class='ocrx_word' id='word_1_145' title='bbox 1728 1744 1875 1826; x_wconf 89' lang='lat' dir='ltr'>primitus</span> 
     </span>
     <span class='ocr_line' id='line_1_15' title="bbox 267 1844 1875 1930; baseline 0.001 -23"><span class='ocrx_word' id='word_1_146' title='bbox 267 1845 481 1929; x_wconf 88' lang='lat' dir='ltr'>praebuerunt</span> <span class='ocrx_word' id='word_1_147' title='bbox 501 1850 532 1908; x_wconf 93' lang='lat' dir='ltr'>et</span> <span class='ocrx_word' id='word_1_148' title='bbox 553 1846 579 1908; x_wconf 91' lang='lat' dir='ltr'>si</span> <span class='ocrx_word' id='word_1_149' title='bbox 600 1850 708 1928; x_wconf 87' lang='lat' dir='ltr'>postea</span> <span class='ocrx_word' id='word_1_150' title='bbox 728 1847 963 1909; x_wconf 87' lang='lat' dir='ltr'>convincuntur</span> <span class='ocrx_word' id='word_1_151' title='bbox 990 1866 1024 1910; x_wconf 91' lang='lat' dir='ltr'>se</span> <span class='ocrx_word' id='word_1_152' title='bbox 1044 1848 1079 1910; x_wconf 91' lang='lat' dir='ltr'>in</span> <span class='ocrx_word' id='word_1_153' title='bbox 1099 1852 1187 1930; x_wconf 86' lang='lat' dir='ltr'>parte</span> <span class='ocrx_word' id='word_1_154' title='bbox 1208 1846 1268 1909; x_wconf 88' lang='lat' dir='ltr'>alia</span> <span class='ocrx_word' id='word_1_155' title='bbox 1293 1845 1472 1926; x_wconf 84' lang='lat' dir='ltr'>tradidisse,</span> <span class='ocrx_word' id='word_1_156' title='bbox 1503 1844 1541 1909; x_wconf 93' lang='lat' dir='ltr'>de</span> <span class='ocrx_word' id='word_1_157' title='bbox 1561 1845 1639 1908; x_wconf 90' lang='grc'>10010</span> <span class='ocrx_word' id='word_1_158' title='bbox 1659 1844 1716 1909; x_wconf 94' lang='lat' dir='ltr'>ubi</span> <span class='ocrx_word' id='word_1_159' title='bbox 1737 1865 1875 1908; x_wconf 88' lang='lat' dir='ltr'>comma-</span> 
     </span>
     <span class='ocr_line' id='line_1_16' title="bbox 268 1946 1922 2030; baseline -0.004 -20"><span class='ocrx_word' id='word_1_160' title='bbox 268 1966 344 2011; x_wconf 88' lang='lat' dir='ltr'>nere</span> <span class='ocrx_word' id='word_1_161' title='bbox 364 1947 511 2010; x_wconf 90' lang='lat' dir='ltr'>videntur</span> <span class='ocrx_word' id='word_1_162' title='bbox 538 1948 686 2011; x_wconf 88' lang='lat' dir='ltr'>convenit</span> <span class='ocrx_word' id='word_1_163' title='bbox 719 1953 752 2010; x_wconf 89' lang='lat' dir='ltr'>ut</span> <span class='ocrx_word' id='word_1_164' title='bbox 781 1946 916 2010; x_wconf 90' lang='lat' dir='ltr'>debeant</span> <span class='ocrx_word' id='word_1_165' title='bbox 943 1949 1105 2011; x_wconf 89' lang='lat' dir='ltr'>removeri.</span> <span class='ocrx_word' id='word_1_166' title='bbox 1153 1946 1304 2011; x_wconf 91' lang='lat' dir='ltr'>Similiter</span> <span class='ocrx_word' id='word_1_167' title='bbox 1331 1954 1362 2010; x_wconf 91' lang='lat' dir='ltr'>et</span> <span class='ocrx_word' id='word_1_168' title='bbox 1391 1948 1446 2030; x_wconf 91' lang='lat' dir='ltr'>qui</span> <span class='ocrx_word' id='word_1_169' title='bbox 1474 1952 1545 2030; x_wconf 91' lang='lat' dir='ltr'>post</span> <span class='ocrx_word' id='word_1_170' title='bbox 1572 1949 1741 2010; x_wconf 89' lang='lat' dir='ltr'>transitum</span> <span class='ocrx_word' id='word_1_171' title='bbox 1768 1947 1876 2010; x_wconf 89' lang='lat' dir='ltr'>domni</span> <span class='ocrx_word' id='word_1_172' title='bbox 1896 1966 1922 2006; x_wconf 80' lang='lat' dir='ltr'>rs</span> 
     </span>
     <span class='ocr_line' id='line_1_17' title="bbox 269 2047 1874 2132; baseline 0 -21"><span class='ocrx_word' id='word_1_173' title='bbox 269 2047 519 2112; x_wconf 62' lang='grc' dir='ltr'>(1111011100110011ὅ</span> <span class='ocrx_word' id='word_1_174' title='bbox 541 2050 775 2112; x_wconf 87' lang='lat' dir='ltr'>convineuntur</span> <span class='ocrx_word' id='word_1_175' title='bbox 803 2049 918 2112; x_wconf 92' lang='lat' dir='ltr'>domno</span> <span class='ocrx_word' id='word_1_176' title='bbox 941 2048 1094 2132; x_wconf 86' lang='lat' dir='ltr'>Sigiberto</span> <span class='ocrx_word' id='word_1_177' title='bbox 1125 2055 1322 2112; x_wconf 85' lang='lat' dir='ltr'>sacramenta</span> <span class='ocrx_word' id='word_1_178' title='bbox 1349 2050 1496 2132; x_wconf 88' lang='lat' dir='ltr'>primitus</span> <span class='ocrx_word' id='word_1_179' title='bbox 1516 2048 1698 2132; x_wconf 89' lang='lat' dir='ltr'>praebuisse</span> <span class='ocrx_word' id='word_1_180' title='bbox 1728 2054 1817 2112; x_wconf 89' lang='lat' dir='ltr'>etse</span> <span class='ocrx_word' id='word_1_181' title='bbox 1842 2050 1874 2111; x_wconf 92' lang='lat' dir='ltr'>in</span> 
     </span>
     <span class='ocr_line' id='line_1_18' title="bbox 268 2149 1876 2234; baseline 0 -22"><span class='ocrx_word' id='word_1_182' title='bbox 268 2151 328 2213; x_wconf 89' lang='lat' dir='ltr'>alia</span> <span class='ocrx_word' id='word_1_183' title='bbox 355 2155 441 2233; x_wconf 89' lang='lat' dir='ltr'>parte</span> <span class='ocrx_word' id='word_1_184' title='bbox 470 2150 713 2230; x_wconf 89' lang='lat' dir='ltr'>transtulerunt,</span> <span class='ocrx_word' id='word_1_185' title='bbox 748 2151 842 2214; x_wconf 91' lang='lat' dir='ltr'>modo</span> <span class='ocrx_word' id='word_1_186' title='bbox 869 2151 963 2214; x_wconf 90' lang='lat' dir='ltr'>simili</span> <span class='ocrx_word' id='word_1_187' title='bbox 994 2158 1222 2215; x_wconf 88' lang='lat' dir='ltr'>removeantur.</span> <span class='ocrx_word' id='word_1_188' title='bbox 1271 2149 1423 2215; x_wconf 90' lang='lat' dir='ltr'>Similiter</span> <span class='ocrx_word' id='word_1_189' title='bbox 1451 2150 1603 2233; x_wconf 89' lang='lat' dir='ltr'>quioquid</span> <span class='ocrx_word' id='word_1_190' title='bbox 1631 2149 1758 2213; x_wconf 84' lang='lat' dir='ltr'>antelati</span> <span class='ocrx_word' id='word_1_191' title='bbox 1786 2170 1876 2234; x_wconf 85' lang='lat' dir='ltr'>reges</span> 
     </span>
     <span class='ocr_line' id='line_1_19' title="bbox 268 2249 1877 2335; baseline -0.001 -19"><span class='ocrx_word' id='word_1_192' title='bbox 268 2253 407 2316; x_wconf 86' lang='lat' dir='ltr'>ecclesiis</span> <span class='ocrx_word' id='word_1_193' title='bbox 426 2260 481 2315; x_wconf 90' lang='lat' dir='ltr'>aut</span> <span class='ocrx_word' id='word_1_194' title='bbox 501 2251 647 2315; x_wconf 88' lang='lat' dir='ltr'>fidelibus</span> <span class='ocrx_word' id='word_1_195' title='bbox 672 2254 739 2316; x_wconf 86' lang='lat' dir='ltr'>suis</span> <span class='ocrx_word' id='word_1_196' title='bbox 760 2253 964 2317; x_wconf 78' lang='grc' dir='ltr'>000101010οϊ</span> <span class='ocrx_word' id='word_1_197' title='bbox 990 2259 1046 2317; x_wconf 89' lang='lat' dir='ltr'>aut</span> <span class='ocrx_word' id='word_1_198' title='bbox 1068 2253 1171 2317; x_wconf 90' lang='lat' dir='ltr'>adhuc</span> <span class='ocrx_word' id='word_1_199' title='bbox 1198 2253 1339 2316; x_wconf 83' lang='lat' dir='ltr'>conferre</span> <span class='ocrx_word' id='word_1_200' title='bbox 1365 2272 1440 2315; x_wconf 89' lang='lat' dir='ltr'>cnm</span> <span class='ocrx_word' id='word_1_201' title='bbox 1459 2253 1579 2315; x_wconf 92' lang='lat' dir='ltr'>iustitia</span> <span class='ocrx_word' id='word_1_202' title='bbox 1600 2249 1667 2315; x_wconf 90' lang='lat' dir='ltr'>Deo</span> <span class='ocrx_word' id='word_1_203' title='bbox 1688 2253 1877 2335; x_wconf 86' lang='lat' dir='ltr'>propitiante</span> 
     </span>
     <span class='ocr_line' id='line_1_20' title="bbox 269 2352 1877 2438; baseline 0.001 -25"><span class='ocrx_word' id='word_1_204' title='bbox 269 2354 434 2431; x_wconf 78' lang='lat' dir='ltr'>voluerint,</span> <span class='ocrx_word' id='word_1_205' title='bbox 455 2352 606 2416; x_wconf 90' lang='lat' dir='ltr'>stabiliter</span> <span class='ocrx_word' id='word_1_206' title='bbox 622 2360 834 2418; x_wconf 88' lang='lat' dir='ltr'>conservetur.</span> <span class='ocrx_word' id='word_1_207' title='bbox 878 2354 919 2418; x_wconf 82' lang='lat' dir='ltr'>Et</span> <span class='ocrx_word' id='word_1_208' title='bbox 940 2355 1092 2438; x_wconf 88' lang='lat' dir='ltr'>quicquid</span> <span class='ocrx_word' id='word_1_209' title='bbox 1108 2355 1284 2437; x_wconf 87' lang='lat' dir='ltr'>unicuique</span> <span class='ocrx_word' id='word_1_210' title='bbox 1303 2352 1444 2416; x_wconf 90' lang='lat' dir='ltr'>fidelium</span> <span class='ocrx_word' id='word_1_211' title='bbox 1464 2354 1496 2415; x_wconf 92' lang='grc'>10</span> <span class='ocrx_word' id='word_1_212' title='bbox 1518 2355 1687 2436; x_wconf 90' lang='lat' dir='ltr'>utriusque</span> <span class='ocrx_word' id='word_1_213' title='bbox 1708 2372 1806 2436; x_wconf 89' lang='lat' dir='ltr'>regno</span> <span class='ocrx_word' id='word_1_214' title='bbox 1821 2373 1877 2436; x_wconf 90' lang='lat' dir='ltr'>per</span> 
     </span>
     <span class='ocr_line' id='line_1_21' title="bbox 267 2454 1922 2540; baseline -0.003 -22"><span class='ocrx_word' id='word_1_215' title='bbox 267 2455 369 2539; x_wconf 89' lang='lat' dir='ltr'>legem</span> <span class='ocrx_word' id='word_1_216' title='bbox 389 2461 420 2518; x_wconf 88' lang='lat' dir='ltr'>et</span> <span class='ocrx_word' id='word_1_217' title='bbox 441 2456 593 2518; x_wconf 89' lang='lat' dir='ltr'>iustitiam</span> <span class='ocrx_word' id='word_1_218' title='bbox 613 2456 796 2535; x_wconf 85' lang='lat' dir='ltr'>redebetur,</span> <span class='ocrx_word' id='word_1_219' title='bbox 822 2456 967 2520; x_wconf 76' lang='lat' dir='ltr'>nullumh</span> <span class='ocrx_word' id='word_1_220' title='bbox 996 2457 1025 2520; x_wconf 93' lang='lat' dir='ltr'>ei</span> <span class='ocrx_word' id='word_1_221' title='bbox 1047 2456 1278 2540; x_wconf 89' lang='lat' dir='ltr'>praeiudicium</span> <span class='ocrx_word' id='word_1_222' title='bbox 1299 2456 1468 2539; x_wconf 71' lang='lat' dir='ltr'>pariaturh,</span> <span class='ocrx_word' id='word_1_223' title='bbox 1496 2455 1552 2519; x_wconf 91' lang='lat' dir='ltr'>sed</span> <span class='ocrx_word' id='word_1_224' title='bbox 1574 2455 1664 2518; x_wconf 87' lang='lat' dir='ltr'>liceat</span> <span class='ocrx_word' id='word_1_225' title='bbox 1684 2474 1735 2518; x_wconf 88' lang='lat' dir='ltr'>res</span> <span class='ocrx_word' id='word_1_226' title='bbox 1756 2454 1877 2519; x_wconf 86' lang='lat' dir='ltr'>debitas</span> <span class='ocrx_word' id='word_1_227' title='bbox 1896 2478 1922 2514; x_wconf 80' lang='lat' dir='ltr'>so</span> 
     </span>
     <span class='ocr_line' id='line_1_22' title="bbox 267 2556 1877 2641; baseline -0.001 -20"><span class='ocrx_word' id='word_1_228' title='bbox 267 2557 427 2641; x_wconf 88' lang='lat' dir='ltr'>possidere</span> <span class='ocrx_word' id='word_1_229' title='bbox 449 2560 554 2640; x_wconf 72' lang='lat' dir='ltr'>atquei</span> <span class='ocrx_word' id='word_1_230' title='bbox 576 2559 735 2641; x_wconf 69' lang='lat' dir='ltr'>reciperet</span> <span class='ocrx_word' id='word_1_231' title='bbox 779 2557 819 2621; x_wconf 82' lang='lat' dir='ltr'>llt</span> <span class='ocrx_word' id='word_1_232' title='bbox 834 2560 861 2621; x_wconf 88' lang='lat' dir='ltr'>si</span> <span class='ocrx_word' id='word_1_233' title='bbox 874 2558 995 2641; x_wconf 89' lang='lat' dir='ltr'>aliquid</span> <span class='ocrx_word' id='word_1_234' title='bbox 1012 2559 1273 2641; x_wconf 88' lang='lat' dir='ltr'>cuicumqueper</span> <span class='ocrx_word' id='word_1_235' title='bbox 1292 2558 1472 2639; x_wconf 88' lang='lat' dir='ltr'>interregna</span> <span class='ocrx_word' id='word_1_236' title='bbox 1488 2558 1557 2620; x_wconf 92' lang='lat' dir='ltr'>sine</span> <span class='ocrx_word' id='word_1_237' title='bbox 1575 2556 1668 2641; x_wconf 89' lang='lat' dir='ltr'>culpa</span> <span class='ocrx_word' id='word_1_238' title='bbox 1689 2557 1805 2620; x_wconf 81' lang='grc'>1011001</span> <span class='ocrx_word' id='word_1_239' title='bbox 1820 2566 1877 2630; x_wconf 78' lang='lat' dir='ltr'>est,</span> 
     </span>
     <span class='ocr_line' id='line_1_23' title="bbox 269 2658 1875 2743; baseline -0.001 -21"><span class='ocrx_word' id='word_1_240' title='bbox 269 2658 429 2722; x_wconf 88' lang='lat' dir='ltr'>audientia</span> <span class='ocrx_word' id='word_1_241' title='bbox 449 2658 555 2722; x_wconf 89' lang='lat' dir='ltr'>habita</span> <span class='ocrx_word' id='word_1_242' title='bbox 574 2664 775 2723; x_wconf 83' lang='lat' dir='ltr'>restauretur.</span> <span class='ocrx_word' id='word_1_243' title='bbox 816 2658 857 2723; x_wconf 85' lang='lat' dir='ltr'>Et</span> <span class='ocrx_word' id='word_1_244' title='bbox 884 2660 923 2723; x_wconf 89' lang='lat' dir='ltr'>de</span> <span class='ocrx_word' id='word_1_245' title='bbox 951 2679 988 2723; x_wconf 90' lang='lat' dir='ltr'>eo</span> <span class='ocrx_word' id='word_1_246' title='bbox 1009 2660 1095 2743; x_wconf 91' lang='lat' dir='ltr'>quod</span> <span class='ocrx_word' id='word_1_247' title='bbox 1124 2680 1180 2743; x_wconf 91' lang='lat' dir='ltr'>per</span> <span class='ocrx_word' id='word_1_248' title='bbox 1208 2658 1457 2723; x_wconf 86' lang='lat' dir='ltr'>munificentia-m</span> <span class='ocrx_word' id='word_1_249' title='bbox 1483 2659 1739 2743; x_wconf 85' lang='lat' dir='ltr'>praecedentium</span> <span class='ocrx_word' id='word_1_250' title='bbox 1766 2679 1875 2742; x_wconf 88' lang='lat' dir='ltr'>regum</span> 
     </span>
     <span class='ocr_line' id='line_1_24' title="bbox 270 2760 1877 2845; baseline 0 -21"><span class='ocrx_word' id='word_1_251' title='bbox 270 2761 494 2843; x_wconf 88' lang='lat' dir='ltr'>unusquisque</span> <span class='ocrx_word' id='word_1_252' title='bbox 516 2761 676 2843; x_wconf 88' lang='lat' dir='ltr'>usquead</span> <span class='ocrx_word' id='word_1_253' title='bbox 703 2762 872 2825; x_wconf 77' lang='lat' dir='ltr'>transitum</span> <span class='ocrx_word' id='word_1_254' title='bbox 897 2762 1052 2845; x_wconf 87' lang='lat' dir='ltr'>gloriosae</span> <span class='ocrx_word' id='word_1_255' title='bbox 1073 2762 1244 2825; x_wconf 89' lang='lat' dir='ltr'>memoriae</span> <span class='ocrx_word' id='word_1_256' title='bbox 1269 2761 1378 2824; x_wconf 91' lang='lat' dir='ltr'>domui</span> <span class='ocrx_word' id='word_1_257' title='bbox 1395 2760 1646 2824; x_wconf 65' lang='lat' dir='ltr'>Chlothacharffl</span> <span class='ocrx_word' id='word_1_258' title='bbox 1666 2762 1749 2844; x_wconf 90' lang='lat' dir='ltr'>regis</span> <span class='ocrx_word' id='word_1_259' title='bbox 1771 2781 1877 2844; x_wconf 91' lang='lat' dir='ltr'>posse·</span> 
     </span>
     <span class='ocr_line' id='line_1_25' title="bbox 269 2861 1877 2946; baseline 0.001 -22"><span class='ocrx_word' id='word_1_260' title='bbox 269 2861 328 2941; x_wconf 86' lang='lat' dir='ltr'>dit,</span> <span class='ocrx_word' id='word_1_261' title='bbox 349 2880 422 2925; x_wconf 91' lang='lat' dir='ltr'>cum</span> <span class='ocrx_word' id='word_1_262' title='bbox 445 2863 611 2926; x_wconf 86' lang='lat' dir='ltr'>securitate</span> <span class='ocrx_word' id='word_1_263' title='bbox 631 2863 803 2946; x_wconf 88' lang='lat' dir='ltr'>possideat,</span> <span class='ocrx_word' id='word_1_264' title='bbox 821 2870 853 2926; x_wconf 88' lang='lat' dir='ltr'>et</span> <span class='ocrx_word' id='word_1_265' title='bbox 868 2863 952 2946; x_wconf 92' lang='lat' dir='ltr'>quod</span> <span class='ocrx_word' id='word_1_266' title='bbox 965 2863 1079 2927; x_wconf 81' lang='lat' dir='ltr'>exinde</span> <span class='ocrx_word' id='word_1_267' title='bbox 1099 2862 1249 2926; x_wconf 90' lang='lat' dir='ltr'>fidelibus</span> <span class='ocrx_word' id='word_1_268' title='bbox 1264 2863 1408 2946; x_wconf 90' lang='lat' dir='ltr'>personis</span> <span class='ocrx_word' id='word_1_269' title='bbox 1420 2862 1560 2925; x_wconf 89' lang='lat' dir='ltr'>ablatum</span> <span class='ocrx_word' id='word_1_270' title='bbox 1581 2869 1644 2941; x_wconf 88' lang='lat' dir='ltr'>est,</span> <span class='ocrx_word' id='word_1_271' title='bbox 1666 2863 1705 2926; x_wconf 89' lang='lat' dir='ltr'>de</span> <span class='ocrx_word' id='word_1_272' title='bbox 1722 2864 1877 2945; x_wconf 87' lang='lat' dir='ltr'>praesenti</span> 
     </span>
     <span class='ocr_line' id='line_1_26' title="bbox 269 2962 1923 3049; baseline -0.001 -22"><span class='ocrx_word' id='word_1_273' title='bbox 269 2964 406 3047; x_wconf 87' lang='lat' dir='ltr'>recipiat.</span> <span class='ocrx_word' id='word_1_274' title='bbox 448 2962 489 3026; x_wconf 81' lang='lat' dir='ltr'>Et</span> <span class='ocrx_word' id='word_1_275' title='bbox 510 2965 584 3047; x_wconf 90' lang='lat' dir='ltr'>quia</span> <span class='ocrx_word' id='word_1_276' title='bbox 613 2965 695 3027; x_wconf 87' lang='lat' dir='ltr'>inter</span> <span class='ocrx_word' id='word_1_277' title='bbox 721 2965 876 3048; x_wconf 85' lang='lat' dir='ltr'>praefatos</span> <span class='ocrx_word' id='word_1_278' title='bbox 904 2984 993 3049; x_wconf 82' lang='lat' dir='ltr'>reges</span> <span class='ocrx_word' id='word_1_279' title='bbox 1021 2984 1101 3048; x_wconf 86' lang='lat' dir='ltr'>pura</span> <span class='ocrx_word' id='word_1_280' title='bbox 1129 2969 1160 3028; x_wconf 90' lang='lat' dir='ltr'>et</span> <span class='ocrx_word' id='word_1_281' title='bbox 1181 2964 1315 3048; x_wconf 87' lang='lat' dir='ltr'>simplex</span> <span class='ocrx_word' id='word_1_282' title='bbox 1343 2972 1390 3028; x_wconf 87' lang='lat' dir='ltr'>est</span> <span class='ocrx_word' id='word_1_283' title='bbox 1418 2965 1452 3026; x_wconf 92' lang='lat' dir='ltr'>in</span> <span class='ocrx_word' id='word_1_284' title='bbox 1474 2962 1532 3027; x_wconf 88' lang='lat' dir='ltr'>Dei</span> <span class='ocrx_word' id='word_1_285' title='bbox 1555 2965 1684 3030; x_wconf 91' lang='lat' dir='ltr'>nomine</span> <span class='ocrx_word' id='word_1_286' title='bbox 1710 2964 1876 3027; x_wconf 86' lang='lat' dir='ltr'>concordia</span> <span class='ocrx_word' id='word_1_287' title='bbox 1896 2987 1923 3026; x_wconf 72' lang='lat' dir='ltr'>as</span> 
     </span>
     <span class='ocr_line' id='line_1_27' title="bbox 270 3064 1874 3151; baseline 0.001 -24"><span class='ocrx_word' id='word_1_288' title='bbox 270 3064 410 3147; x_wconf 86' lang='lat' dir='ltr'>inligata,</span> <span class='ocrx_word' id='word_1_289' title='bbox 430 3067 579 3129; x_wconf 88' lang='lat' dir='ltr'>convenit</span> <span class='ocrx_word' id='word_1_290' title='bbox 599 3074 635 3129; x_wconf 93' lang='lat' dir='ltr'>ut</span> <span class='ocrx_word' id='word_1_291' title='bbox 655 3067 686 3129; x_wconf 92' lang='grc'>10</span> <span class='ocrx_word' id='word_1_292' title='bbox 710 3072 845 3149; x_wconf 71' lang='lat' dir='ltr'>unoque</span> <span class='ocrx_word' id='word_1_293' title='bbox 866 3087 962 3151; x_wconf 89' lang='lat' dir='ltr'>reguo</span> <span class='ocrx_word' id='word_1_294' title='bbox 981 3068 1149 3149; x_wconf 87' lang='lat' dir='ltr'>utriusque</span> <span class='ocrx_word' id='word_1_295' title='bbox 1162 3064 1320 3146; x_wconf 90' lang='lat' dir='ltr'>fidelibus,</span> <span class='ocrx_word' id='word_1_296' title='bbox 1342 3073 1406 3129; x_wconf 92' lang='lat' dir='ltr'>tam</span> <span class='ocrx_word' id='word_1_297' title='bbox 1427 3085 1482 3149; x_wconf 93' lang='lat' dir='ltr'>pro</span> <span class='ocrx_word' id='word_1_298' title='bbox 1500 3068 1605 3129; x_wconf 88' lang='lat' dir='ltr'>causis</span> <span class='ocrx_word' id='word_1_299' title='bbox 1625 3065 1760 3149; x_wconf 90' lang='lat' dir='ltr'>publicis</span> <span class='ocrx_word' id='word_1_300' title='bbox 1780 3086 1874 3149; x_wconf 81' lang='lat' dir='ltr'>quani</span> 
     </span>
     <span class='ocr_line' id='line_1_28' title="bbox 270 3167 1879 3252; baseline 0 -23"><span class='ocrx_word' id='word_1_301' title='bbox 270 3168 411 3250; x_wconf 72' lang='lat' dir='ltr'>privatis</span> <span class='ocrx_word' id='word_1_302' title='bbox 433 3169 627 3250; x_wconf 90' lang='lat' dir='ltr'>quicumque</span> <span class='ocrx_word' id='word_1_303' title='bbox 647 3168 784 3232; x_wconf 85' lang='lat' dir='ltr'>voluerit</span> <span class='ocrx_word' id='word_1_304' title='bbox 805 3167 983 3249; x_wconf 89' lang='lat' dir='ltr'>ambulare,</span> <span class='ocrx_word' id='word_1_305' title='bbox 1004 3171 1150 3252; x_wconf 91' lang='lat' dir='ltr'>pervium</span> <span class='ocrx_word' id='word_1_306' title='bbox 1171 3167 1270 3231; x_wconf 90' lang='lat' dir='ltr'>nullis</span> <span class='ocrx_word' id='word_1_307' title='bbox 1292 3168 1486 3251; x_wconf 90' lang='lat' dir='ltr'>temporibus</span> <span class='ocrx_word' id='word_1_308' title='bbox 1507 3169 1687 3252; x_wconf 81' lang='lat' dir='ltr'>denegetur.</span> <span class='ocrx_word' id='word_1_309' title='bbox 1729 3167 1879 3232; x_wconf 86' lang='lat' dir='ltr'>Similiter·</span> 
     </span>
     <span class='ocr_line' id='line_1_29' title="bbox 268 3268 1878 3353; baseline 0.001 -22"><span class='ocrx_word' id='word_1_310' title='bbox 268 3270 418 3333; x_wconf 90' lang='lat' dir='ltr'>convenit</span> <span class='ocrx_word' id='word_1_311' title='bbox 437 3275 474 3333; x_wconf 91' lang='lat' dir='ltr'>ut</span> <span class='ocrx_word' id='word_1_312' title='bbox 494 3269 603 3333; x_wconf 90' lang='lat' dir='ltr'>nullus</span> <span class='ocrx_word' id='word_1_313' title='bbox 624 3269 753 3333; x_wconf 89' lang='lat' dir='ltr'>alterius</span> <span class='ocrx_word' id='word_1_314' title='bbox 774 3270 883 3333; x_wconf 89' lang='lat' dir='ltr'>leudes</span> <span class='ocrx_word' id='word_1_315' title='bbox 912 3290 969 3334; x_wconf 92' lang='lat' dir='ltr'>nec</span> <span class='ocrx_word' id='word_1_316' title='bbox 991 3270 1134 3334; x_wconf 86' lang='lat' dir='ltr'>sollicitet</span> <span class='ocrx_word' id='word_1_317' title='bbox 1157 3288 1217 3334; x_wconf 91' lang='grc'>000</span> <span class='ocrx_word' id='word_1_318' title='bbox 1237 3270 1400 3334; x_wconf 87' lang='lat' dir='ltr'>venientes</span> <span class='ocrx_word' id='word_1_319' title='bbox 1429 3270 1571 3353; x_wconf 83' lang='lat' dir='ltr'>excipiat.</span> <span class='ocrx_word' id='word_1_320' title='bbox 1615 3268 1708 3345; x_wconf 81' lang='lat' dir='ltr'>Quod</span> <span class='ocrx_word' id='word_1_321' title='bbox 1733 3271 1761 3332; x_wconf 89' lang='lat' dir='ltr'>si</span> <span class='ocrx_word' id='word_1_322' title='bbox 1789 3270 1878 3332; x_wconf 89' lang='lat' dir='ltr'>forsi-</span> 
     </span>
     <span class='ocr_line' id='line_1_30' title="bbox 271 3370 1878 3456; baseline 0.001 -23"><span class='ocrx_word' id='word_1_323' title='bbox 271 3377 326 3434; x_wconf 89' lang='lat' dir='ltr'>tan</span> <span class='ocrx_word' id='word_1_324' title='bbox 347 3390 402 3454; x_wconf 87' lang='lat' dir='ltr'>pro</span> <span class='ocrx_word' id='word_1_325' title='bbox 424 3370 531 3454; x_wconf 89' lang='lat' dir='ltr'>aliqua</span> <span class='ocrx_word' id='word_1_326' title='bbox 551 3372 721 3435; x_wconf 86' lang='lat' dir='ltr'>amissione</span> <span class='ocrx_word' id='word_1_327' title='bbox 739 3378 859 3455; x_wconf 90' lang='lat' dir='ltr'>partem</span> <span class='ocrx_word' id='word_1_328' title='bbox 875 3372 1004 3435; x_wconf 90' lang='lat' dir='ltr'>alteram</span> <span class='ocrx_word' id='word_1_329' title='bbox 1025 3372 1192 3436; x_wconf 88' lang='lat' dir='ltr'>crediderit</span> <span class='ocrx_word' id='word_1_330' title='bbox 1212 3372 1432 3456; x_wconf 80' lang='lat' dir='ltr'>expetendam,</span> <span class='ocrx_word' id='word_1_331' title='bbox 1451 3373 1543 3434; x_wconf 83' lang='lat' dir='ltr'>iuxta</span> <span class='ocrx_word' id='word_1_332' title='bbox 1564 3371 1747 3454; x_wconf 88' lang='lat' dir='ltr'>qualitatem</span> <span class='ocrx_word' id='word_1_333' title='bbox 1768 3371 1878 3456; x_wconf 88' lang='lat' dir='ltr'>culpae</span> 
     </span>
     <span class='ocr_line' id='line_1_31' title="bbox 271 3472 1922 3558; baseline -0.001 -23"><span class='ocrx_word' id='word_1_334' title='bbox 271 3473 413 3536; x_wconf 83' lang='lat' dir='ltr'>excusati</span> <span class='ocrx_word' id='word_1_335' title='bbox 433 3472 613 3536; x_wconf 87' lang='lat' dir='ltr'>reddantur.</span> <span class='ocrx_word' id='word_1_336' title='bbox 653 3472 724 3535; x_wconf 91' lang='lat' dir='ltr'>Hoc</span> <span class='ocrx_word' id='word_1_337' title='bbox 749 3474 843 3537; x_wconf 90' lang='lat' dir='ltr'>etiam</span> <span class='ocrx_word' id='word_1_338' title='bbox 872 3474 947 3536; x_wconf 91' lang='lat' dir='ltr'>huic</span> <span class='ocrx_word' id='word_1_339' title='bbox 966 3474 1039 3537; x_wconf 91' lang='lat' dir='ltr'>addi</span> <span class='ocrx_word' id='word_1_340' title='bbox 1060 3474 1178 3557; x_wconf 88' lang='lat' dir='ltr'>placuit</span> <span class='ocrx_word' id='word_1_341' title='bbox 1206 3475 1359 3558; x_wconf 88' lang='lat' dir='ltr'>pactioni,</span> <span class='ocrx_word' id='word_1_342' title='bbox 1388 3481 1437 3552; x_wconf 89' lang='lat' dir='ltr'>ut,</span> <span class='ocrx_word' id='word_1_343' title='bbox 1467 3473 1493 3535; x_wconf 91' lang='lat' dir='ltr'>si</span> <span class='ocrx_word' id='word_1_344' title='bbox 1520 3493 1583 3554; x_wconf 87' lang='lat' dir='ltr'>qua</span> <span class='ocrx_word' id='word_1_345' title='bbox 1608 3493 1680 3556; x_wconf 88' lang='lat' dir='ltr'>pars</span> <span class='ocrx_word' id='word_1_346' title='bbox 1702 3475 1877 3556; x_wconf 88' lang='lat' dir='ltr'>praesentia</span> <span class='ocrx_word' id='word_1_347' title='bbox 1895 3498 1922 3535; x_wconf 81' lang='lat' dir='ltr'>ao</span> 
     </span>
     <span class='ocr_line' id='line_1_32' title="bbox 269 3574 1876 3659; baseline -0.001 -21"><span class='ocrx_word' id='word_1_348' title='bbox 269 3580 386 3638; x_wconf 89' lang='lat' dir='ltr'>statuta</span> <span class='ocrx_word' id='word_1_349' title='bbox 406 3574 465 3637; x_wconf 90' lang='lat' dir='ltr'>sub</span> <span class='ocrx_word' id='word_1_350' title='bbox 493 3593 696 3658; x_wconf 85' lang='lat' dir='ltr'>quacumque</span> <span class='ocrx_word' id='word_1_351' title='bbox 721 3574 888 3639; x_wconf 80' lang='lat' dir='ltr'>calliditate</span> <span class='ocrx_word' id='word_1_352' title='bbox 914 3581 1054 3659; x_wconf 90' lang='lat' dir='ltr'>tempore</span> <span class='ocrx_word' id='word_1_353' title='bbox 1082 3595 1286 3659; x_wconf 87' lang='lat' dir='ltr'>quocumque</span> <span class='ocrx_word' id='word_1_354' title='bbox 1311 3574 1572 3652; x_wconf 87' lang='lat' dir='ltr'>transseeuderit,</span> <span class='ocrx_word' id='word_1_355' title='bbox 1600 3576 1707 3637; x_wconf 89' lang='lat' dir='ltr'>omnia</span> <span class='ocrx_word' id='word_1_356' title='bbox 1726 3575 1876 3639; x_wconf 85' lang='lat' dir='ltr'>beneficia</span> 
     </span>
     <span class='ocr_line' id='line_1_33' title="bbox 269 3675 1879 3760; baseline 0 -22"><span class='ocrx_word' id='word_1_357' title='bbox 269 3681 334 3739; x_wconf 91' lang='lat' dir='ltr'>tam</span> <span class='ocrx_word' id='word_1_358' title='bbox 361 3677 551 3759; x_wconf 88' lang='lat' dir='ltr'>repromissa</span> <span class='ocrx_word' id='word_1_359' title='bbox 580 3697 676 3759; x_wconf 88' lang='lat' dir='ltr'>quam</span> <span class='ocrx_word' id='word_1_360' title='bbox 703 3678 736 3739; x_wconf 89' lang='lat' dir='ltr'>in</span> <span class='ocrx_word' id='word_1_361' title='bbox 762 3684 926 3760; x_wconf 89' lang='lat' dir='ltr'>praesente</span> <span class='ocrx_word' id='word_1_362' title='bbox 956 3677 1080 3740; x_wconf 85' lang='lat' dir='ltr'>conlata</span> <span class='ocrx_word' id='word_1_363' title='bbox 1108 3679 1246 3758; x_wconf 88' lang='lat' dir='ltr'>amittat,</span> <span class='ocrx_word' id='word_1_364' title='bbox 1275 3683 1306 3741; x_wconf 92' lang='lat' dir='ltr'>et</span> <span class='ocrx_word' id='word_1_365' title='bbox 1334 3676 1379 3739; x_wconf 92' lang='lat' dir='ltr'>illi</span> <span class='ocrx_word' id='word_1_366' title='bbox 1404 3676 1546 3760; x_wconf 89' lang='lat' dir='ltr'>proficiat.</span> <span class='ocrx_word' id='word_1_367' title='bbox 1575 3678 1630 3760; x_wconf 93' lang='lat' dir='ltr'>qui</span> <span class='ocrx_word' id='word_1_368' title='bbox 1657 3675 1879 3740; x_wconf 87' lang='lat' dir='ltr'>inviolabiliter</span> 
     </span>
     <span class='ocr_line' id='line_1_34' title="bbox 272 3777 1876 3863; baseline 0.001 -23"><span class='ocrx_word' id='word_1_369' title='bbox 272 3778 378 3840; x_wconf 91' lang='lat' dir='ltr'>omnia</span> <span class='ocrx_word' id='word_1_370' title='bbox 399 3780 610 3861; x_wconf 76' lang='lat' dir='ltr'>suprascripta</span> <span class='ocrx_word' id='word_1_371' title='bbox 632 3779 818 3856; x_wconf 86' lang='lat' dir='ltr'>servaverit,</span> <span class='ocrx_word' id='word_1_372' title='bbox 841 3787 872 3842; x_wconf 90' lang='lat' dir='ltr'>et</span> <span class='ocrx_word' id='word_1_373' title='bbox 892 3779 932 3842; x_wconf 92' lang='lat' dir='ltr'>sit</span> <span class='ocrx_word' id='word_1_374' title='bbox 949 3779 988 3843; x_wconf 88' lang='lat' dir='ltr'>dc</span> <span class='ocrx_word' id='word_1_375' title='bbox 1004 3785 1272 3842; x_wconf 84' lang='lat' dir='ltr'>sacramentorum</span> <span class='ocrx_word' id='word_1_376' title='bbox 1294 3779 1536 3863; x_wconf 80' lang='lat' dir='ltr'>obligationem</span> <span class='ocrx_word' id='word_1_377' title='bbox 1559 3777 1709 3842; x_wconf 91' lang='lat' dir='ltr'>omnibus</span> <span class='ocrx_word' id='word_1_378' title='bbox 1735 3777 1876 3842; x_wconf 88' lang='lat' dir='ltr'>absoluta</span> 
     </span>
     <span class='ocr_line' id='line_1_35' title="bbox 269 3878 1877 3964; baseline 0.001 -22"><span class='ocrx_word' id='word_1_379' title='bbox 269 3878 330 3952; x_wconf 85' lang='lat' dir='ltr'>His</span> <span class='ocrx_word' id='word_1_380' title='bbox 352 3880 458 3962; x_wconf 92' lang='lat' dir='ltr'>itaque</span> <span class='ocrx_word' id='word_1_381' title='bbox 473 3879 622 3943; x_wconf 91' lang='lat' dir='ltr'>omnibus</span> <span class='ocrx_word' id='word_1_382' title='bbox 643 3880 793 3959; x_wconf 71' lang='grc'>1101101110,</span> <span class='ocrx_word' id='word_1_383' title='bbox 812 3881 919 3943; x_wconf 87' lang='lat' dir='ltr'>iurant</span> <span class='ocrx_word' id='word_1_384' title='bbox 937 3886 1041 3963; x_wconf 88' lang='lat' dir='ltr'>partes</span> <span class='ocrx_word' id='word_1_385' title='bbox 1059 3900 1114 3963; x_wconf 90' lang='lat' dir='ltr'>per</span> <span class='ocrx_word' id='word_1_386' title='bbox 1126 3878 1184 3944; x_wconf 91' lang='lat' dir='ltr'>Dei</span> <span class='ocrx_word' id='word_1_387' title='bbox 1199 3882 1421 3964; x_wconf 90' lang='lat' dir='ltr'>omnipotentis</span> <span class='ocrx_word' id='word_1_388' title='bbox 1442 3899 1558 3944; x_wconf 87' lang='lat' dir='ltr'>nomen</span> <span class='ocrx_word' id='word_1_389' title='bbox 1579 3886 1610 3944; x_wconf 90' lang='lat' dir='ltr'>et</span> <span class='ocrx_word' id='word_1_390' title='bbox 1628 3879 1877 3964; x_wconf 84' lang='lat' dir='ltr'>inseparabilem·</span> 
     </span>
     <span class='ocr_line' id='line_1_36' title="bbox 268 3979 1922 4066; baseline 0 -22"><span class='ocrx_word' id='word_1_391' title='bbox 268 3981 439 4044; x_wconf 88' lang='lat' dir='ltr'>trinitatem</span> <span class='ocrx_word' id='word_1_392' title='bbox 461 3979 512 4044; x_wconf 89' lang='lat' dir='ltr'>vel</span> <span class='ocrx_word' id='word_1_393' title='bbox 531 3981 639 4044; x_wconf 91' lang='lat' dir='ltr'>divina</span> <span class='ocrx_word' id='word_1_394' title='bbox 659 3983 767 4047; x_wconf 91' lang='lat' dir='ltr'>omnia</span> <span class='ocrx_word' id='word_1_395' title='bbox 787 4002 823 4045; x_wconf 88' lang='lat' dir='ltr'>ac</span> <span class='ocrx_word' id='word_1_396' title='bbox 836 3982 1035 4046; x_wconf 90' lang='lat' dir='ltr'>tremendum</span> <span class='ocrx_word' id='word_1_397' title='bbox 1057 3982 1140 4045; x_wconf 88' lang='lat' dir='ltr'>diem</span> <span class='ocrx_word' id='word_1_398' title='bbox 1160 3982 1286 4061; x_wconf 90' lang='lat' dir='ltr'>iudicii,</span> <span class='ocrx_word' id='word_1_399' title='bbox 1307 4001 1341 4046; x_wconf 91' lang='lat' dir='ltr'>se</span> <span class='ocrx_word' id='word_1_400' title='bbox 1363 3984 1471 4046; x_wconf 89' lang='lat' dir='ltr'>omnia</span> <span class='ocrx_word' id='word_1_401' title='bbox 1490 4001 1572 4066; x_wconf 91' lang='lat' dir='ltr'>quae</span> <span class='ocrx_word' id='word_1_402' title='bbox 1593 3982 1740 4065; x_wconf 87' lang='lat' dir='ltr'>superius</span> <span class='ocrx_word' id='word_1_403' title='bbox 1762 3983 1877 4065; x_wconf 84' lang='lat' dir='ltr'>scripta</span> <span class='ocrx_word' id='word_1_404' title='bbox 1895 3999 1922 4035; x_wconf 71' lang='lat'>³⁵</span> 
     </span>
     <span class='ocr_line' id='line_1_37' title="bbox 271 4081 1877 4168; baseline -0.002 -22"><span class='ocrx_word' id='word_1_405' title='bbox 271 4088 347 4146; x_wconf 91' lang='lat' dir='ltr'>sunt</span> <span class='ocrx_word' id='word_1_406' title='bbox 367 4082 487 4165; x_wconf 88' lang='lat' dir='ltr'>absque</span> <span class='ocrx_word' id='word_1_407' title='bbox 509 4083 574 4146; x_wconf 91' lang='lat' dir='ltr'>ullo</span> <span class='ocrx_word' id='word_1_408' title='bbox 594 4083 665 4146; x_wconf 92' lang='lat' dir='ltr'>dolo</span> <span class='ocrx_word' id='word_1_409' title='bbox 694 4082 777 4146; x_wconf 92' lang='lat' dir='ltr'>malo</span> <span class='ocrx_word' id='word_1_410' title='bbox 798 4082 847 4147; x_wconf 90' lang='lat' dir='ltr'>vel</span> <span class='ocrx_word' id='word_1_411' title='bbox 871 4083 991 4147; x_wconf 81' lang='lat' dir='ltr'>fraudis</span> <span class='ocrx_word' id='word_1_412' title='bbox 1019 4084 1146 4168; x_wconf 90' lang='lat' dir='ltr'>ingenio</span> <span class='ocrx_word' id='word_1_413' title='bbox 1177 4082 1400 4146; x_wconf 91' lang='lat' dir='ltr'>inviolabiliter</span> <span class='ocrx_word' id='word_1_414' title='bbox 1424 4090 1612 4148; x_wconf 89' lang='lat' dir='ltr'>servaturos.</span> <span class='ocrx_word' id='word_1_415' title='bbox 1654 4081 1749 4146; x_wconf 81' lang='lat' dir='ltr'>Facta</span> <span class='ocrx_word' id='word_1_416' title='bbox 1775 4084 1877 4166; x_wconf 88' lang='lat' dir='ltr'>pactio</span> 
     </span>
     <span class='ocr_line' id='line_1_38' title="bbox 271 4183 1875 4269; baseline -0.001 -22"><span class='ocrx_word' id='word_1_417' title='bbox 271 4184 331 4248; x_wconf 91' lang='lat' dir='ltr'>sub</span> <span class='ocrx_word' id='word_1_418' title='bbox 359 4185 409 4248; x_wconf 88' lang='lat' dir='ltr'>die</span> <span class='ocrx_word' id='word_1_419' title='bbox 435 4187 546 4248; x_wconf 52' lang='lat' dir='ltr'>tertio*</span> <span class='ocrx_word' id='word_1_420' title='bbox 574 4183 734 4248; x_wconf 90' lang='lat' dir='ltr'>Kalendas</span> <span class='ocrx_word' id='word_1_421' title='bbox 762 4183 959 4265; x_wconf 88' lang='lat' dir='ltr'>Decembris,</span> <span class='ocrx_word' id='word_1_422' title='bbox 993 4204 1076 4248; x_wconf 88' lang='lat' dir='ltr'>anno</span> <span class='ocrx_word' id='word_1_423' title='bbox 1102 4186 1253 4248; x_wconf 89' lang='lat' dir='ltr'>vicesimo</span> <span class='ocrx_word' id='word_1_424' title='bbox 1278 4191 1368 4248; x_wconf 83' lang='lat' dir='ltr'>sexto</span> <span class='ocrx_word' id='word_1_425' title='bbox 1392 4187 1481 4269; x_wconf 85' lang='lat' dir='ltr'>regni</span> <span class='ocrx_word' id='word_1_426' title='bbox 1509 4185 1618 4247; x_wconf 92' lang='lat' dir='ltr'>domni</span> <span class='ocrx_word' id='word_1_427' title='bbox 1647 4183 1875 4248; x_wconf 89' lang='lat' dir='ltr'>Guntchramni</span> 
     </span>
     <span class='ocr_line' id='line_1_39' title="bbox 271 4286 1116 4370; baseline -0.002 -20"><span class='ocrx_word' id='word_1_428' title='bbox 271 4288 361 4370; x_wconf 86' lang='lat' dir='ltr'>regis,</span> <span class='ocrx_word' id='word_1_429' title='bbox 383 4286 489 4349; x_wconf 89' lang='lat' dir='ltr'>domni</span> <span class='ocrx_word' id='word_1_430' title='bbox 510 4286 697 4350; x_wconf 83' lang='lat' dir='ltr'>Childeberti</span> <span class='ocrx_word' id='word_1_431' title='bbox 719 4305 795 4350; x_wconf 90' lang='lat' dir='ltr'>vero</span> <span class='ocrx_word' id='word_1_432' title='bbox 817 4286 1003 4350; x_wconf 91' lang='lat' dir='ltr'>duodecimo</span> <span class='ocrx_word' id='word_1_433' title='bbox 1024 4306 1116 4349; x_wconf 88' lang='lat' dir='ltr'>anno.</span> 
     </span>
    </p>
   </div>
   <div class='ocr_carea' id='block_1_3' title="bbox 271 4514 1920 4666">
    <p class='ocr_par' dir='ltr' id='par_1_3' title="bbox 271 4514 1920 4666">
     <span class='ocr_line' id='line_1_40' title="bbox 370 4514 1875 4587; baseline 0 -20"><span class='ocrx_word' id='word_1_434' title='bbox 370 4514 396 4581; x_wconf 71' lang='lat' dir='ltr'>f)</span> <span class='ocrx_word' id='word_1_435' title='bbox 416 4514 584 4585; x_wconf 83' lang='lat' dir='ltr'>proprietate</span> <span class='ocrx_word' id='word_1_436' title='bbox 605 4514 662 4568; x_wconf 64' lang='lat' dir='ltr'>aaa</span> <span class='ocrx_word' id='word_1_437' title='bbox 743 4514 773 4587; x_wconf 81' lang='lat' dir='ltr'>g)</span> <span class='ocrx_word' id='word_1_438' title='bbox 795 4514 921 4570; x_wconf 88' lang='lat' dir='ltr'>clotharii</span> <span class='ocrx_word' id='word_1_439' title='bbox 943 4514 1001 4568; x_wconf 76' lang='lat' dir='ltr'>alii.</span> <span class='ocrx_word' id='word_1_440' title='bbox 1083 4514 1112 4585; x_wconf 75' lang='lat' dir='ltr'>h)</span> <span class='ocrx_word' id='word_1_441' title='bbox 1135 4516 1201 4569; x_wconf 88' lang='lat' dir='ltr'>null.</span> <span class='ocrx_word' id='word_1_442' title='bbox 1222 4514 1306 4586; x_wconf 85' lang='lat' dir='ltr'>praei.</span> <span class='ocrx_word' id='word_1_443' title='bbox 1327 4514 1449 4586; x_wconf 87' lang='lat' dir='ltr'>patiatur</span> <span class='ocrx_word' id='word_1_444' title='bbox 1468 4516 1526 4568; x_wconf 76' lang='lat' dir='ltr'>alii.</span> <span class='ocrx_word' id='word_1_445' title='bbox 1608 4516 1628 4585; x_wconf 75' lang='lat' dir='ltr'>l)</span> <span class='ocrx_word' id='word_1_446' title='bbox 1650 4523 1734 4586; x_wconf 69' lang='grc' dir='ltr'>0011ιο</span> <span class='ocrx_word' id='word_1_447' title='bbox 1753 4515 1875 4585; x_wconf 82' lang='lat' dir='ltr'>recipere</span> 
     </span>
     <span class='ocr_line' id='line_1_41' title="bbox 271 4595 1920 4666; baseline 0.008 -20"><span class='ocrx_word' id='word_1_448' title='bbox 271 4611 324 4646; x_wconf 87' lang='lat' dir='ltr'>om.</span> <span class='ocrx_word' id='word_1_449' title='bbox 345 4595 426 4646; x_wconf 82' lang='lat' dir='ltr'>codd.</span> <span class='ocrx_word' id='word_1_450' title='bbox 447 4595 576 4648; x_wconf 74' lang='lat' dir='ltr'>noaauldi.</span> <span class='ocrx_word' id='word_1_451' title='bbox 659 4595 688 4664; x_wconf 76' lang='lat' dir='ltr'>k)</span> <span class='ocrx_word' id='word_1_452' title='bbox 711 4601 809 4666; x_wconf 86' lang='lat' dir='ltr'>quarto</span> <span class='ocrx_word' id='word_1_453' title='bbox 828 4595 1920 4660; x_wconf 61' lang='grc'>00010</span> 
     </span>
    </p>
   </div>
   <div class='ocr_carea' id='block_1_4' title="bbox 375 4838 1854 4911">
    <p class='ocr_par' dir='ltr' id='par_1_4' title="bbox 375 4838 1854 4911">
     <span class='ocr_line' id='line_1_42' title="bbox 375 4838 1854 4911; baseline 0.003 -21"><span class='ocrx_word' id='word_1_454' title='bbox 375 4838 422 4906; x_wconf 83' lang='grc'>15)</span> <span class='ocrx_word' id='word_1_455' title='bbox 443 4839 680 4909; x_wconf 61' lang='lat' dir='ltr'>Bouron-ledum</span> <span class='ocrx_word' id='word_1_456' title='bbox 701 4841 768 4893; x_wconf 80' lang='lat' dir='ltr'>inter</span> <span class='ocrx_word' id='word_1_457' title='bbox 789 4840 957 4893; x_wconf 69' lang='grc'>8010000001</span> <span class='ocrx_word' id='word_1_458' title='bbox 986 4839 1030 4892; x_wconf 84' lang='lat' dir='ltr'>l&#39;ic</span> <span class='ocrx_word' id='word_1_459' title='bbox 1046 4858 1094 4891; x_wconf 83' lang='lat' dir='ltr'>aur</span> <span class='ocrx_word' id='word_1_460' title='bbox 1108 4839 1198 4905; x_wconf 77' lang='lat' dir='ltr'>Aiane,</span> <span class='ocrx_word' id='word_1_461' title='bbox 1219 4847 1268 4893; x_wconf 83' lang='lat' dir='ltr'>aut</span> <span class='ocrx_word' id='word_1_462' title='bbox 1281 4840 1386 4892; x_wconf 80' lang='lat' dir='ltr'>Reeaon</span> <span class='ocrx_word' id='word_1_463' title='bbox 1394 4839 1464 4909; x_wconf 65' lang='lat' dir='ltr'>papi</span> <span class='ocrx_word' id='word_1_464' title='bbox 1477 4839 1685 4894; x_wconf 76' lang='lat' dir='ltr'>Bellorueeaaia</span> <span class='ocrx_word' id='word_1_465' title='bbox 1723 4843 1854 4911; x_wconf 78' lang='lat' dir='ltr'>Bouquet.</span> 
     </span>
    </p>
   </div>
   <div class='ocr_carea' id='block_1_5' title="bbox 0 0 2194 6245">
    <p class='ocr_par' dir='ltr' id='par_1_5' title="bbox 0 0 2194 6245">
     <span class='ocr_line' id='line_1_43' title="bbox 0 0 2194 6245; baseline 0 0"><span class='ocrx_word' id='word_1_466' title='bbox 0 0 2194 6245; x_wconf 95' lang='lat' dir='ltr'> </span> 
     </span>
    </p>
   </div>
  </div>
 </body>
</html>
