4380 6248
914 1215 1083 1353 Vlll.

382 1458 1018 1782 HLUDOWnglfII
1038 1458 1614 1782 SCZpPITULAsslA

417 2210 510 2314 132.
552 2203 1056 2316 CONSTITUTIO
1097 2204 1200 2314 DE
1245 2204 1596 2315 HISPANIS

167 2436 185 2473 a.
298 2372 374 2482 IN
421 2372 906 2483 FRANOORUM
943 2371 1279 2483 REGNUM
1329 2372 1706 2483 PROFUGIS

875 2538 1136 2649 PRIMA.

857 2720 935 2797 sm.
969 2724 1099 2796 lanua.
1126 2725 1153 2798 1.

303 2932 341 3013 Α
364 2948 497 3015 olearon
516 2948 637 3030 (histor.
652 2948 803 3012 h’ranccr.
817 2951 939 3034 serapti.
950 2950 997 3013 ΙΙ.
1015 2973 1050 3034 p.
1062 2951 1135 3028 321)
1158 2962 1188 3014 et
1199 2962 1312 3034 postea
1325 2974 1346 3011 o
1357 2948 1491 3012 Baleza'o
1502 2948 1587 3013 eda'ta
1605 2960 1678 3012 este
1700 2949 1813 3013 ‘aalma'

156 3056 378 3143 sumptori
399 3054 485 3141 qnwd
507 3067 595 3119 asma
617 3055 653 3118 iu
681 3055 807 3119 archabo
834 3056 1068 3140 archabpaboopi
1083 3055 1321 3136 Narbonensis,
1341 3078 1423 3141 quas
1449 3054 1600 3118 edi'tabuee
1624 3078 1645 3116 a
1666 3054 1811 3139 Bouquct

197 3159 404 3241 (V1.470)a
421 3158 555 3221 Vaabctte
574 3155 659 3235 (tat.
682 3155 720 3219 dc
740 3155 930 3242 Lanynedoc
948 3180 1039 3222 none.
1061 3157 1134 3221 c'da‘t.
1151 3157 1216 3220 Hb·
1230 3157 1284 3233 97)
1309 3158 1460 3242 repemina
1478 3178 1537 3219 nos
1561 3178 1681 3240 quoquc
1709 3157 1812 3220 cecati

197 3286 320 3327 sumus.
368 3259 548 3326 &mundum
575 3257 746 3322 Balearicus
772 3260 990 3323 cmmtitutabm'
1014 3261 1169 3345 inscripta
1198 3272 1274 3323 snut
1299 3259 1408 3323 caba:
1434 3257 1504 3321 Hoc
1531 3264 1580 3321 est
1606 3264 1808 3341 praeceptum

199 3364 396 3429 remissionis
423 3363 490 3427 sive
515 3361 728 3425 concessionis
757 3361 841 3444 quod
869 3361 943 3426 fecit
963 3361 1144 3426 Ludovioue
1170 3363 1340 3446 imperator
1360 3359 1511 3444 Hispanis
1534 3360 1590 3443 qui
1618 3359 1657 3423 ad
1683 3379 1717 3424 se
1739 3380 1808 3444 per·

198 3466 354 3550 fugerant
1344 3462 1397 3541 (B.
1410 3462 1439 3542 I,
1450 3463 1526 3540 5493
1549 3460 1586 3524 P.
1601 3460 1709 3541 mest.)

158 3746 187 3786 n
300 3680 352 3791 In
385 3726 514 3790 nomine
539 3722 670 3788 Domini
695 3721 755 3788 Dei
787 3731 817 3788 et
845 3725 1015 3789 Salvatoris
1048 3725 1146 3787 nostri
1175 3722 1249 3788 Iesu
1276 3722 1400 3787 Christi.
1447 3720 1670 3801 HludowicuS,
1701 3721 1809 3784 divina

198 3830 366 3893 ordinante
390 3828 586 3913 providentia
612 3828 780 3910 imperator
808 3832 977 3910 augustus,
1004 3826 1154 3890 omnibus
1188 3824 1336 3889 fidelibus
1362 3832 1488 3888 sanetae
1508 3821 1567 3887 Dei
1595 3823 1744 3887 ecclesiae
1773 3842 1810 3887 ac

199 3932 332 4011 nostris,
360 3928 579 4014 praesentibus
605 3928 725 3992 scilicet
752 3930 940 4009 attumne,
967 3928 1109 4012 partibus
1130 3924 1339 4011 Aqiritaniae,
1367 3925 1597 4009 Septimaniae,
1622 3924 1809 3989 Provinciae

198 4042 231 4098 et
249 4031 423 4117 Hispanias
443 4029 697 4095 consistentibus.

299 4134 391 4200 Sicut
411 4132 532 4197 nullius
552 4138 693 4196 vostrum
718 4133 860 4195 notitiam
883 4132 1029 4216 effugisse
1050 4140 1216 4216 putamus,
1246 4131 1380 4214 qualiter
1401 4131 1499 4214 aliqui
1521 4131 1664 4194 homines
1685 4136 1811 4214 propter

157 4239 343 4322 mihiquem
369 4235 604 4320 oppressionem
631 4240 662 4298 et
689 4234 944 4297 crudelissimum
971 4236 1097 4317 iugum,
1130 4234 1215 4317 quod
1243 4253 1353 4298 eorum
1385 4232 1563 4297 cervicibus
1591 4233 1810 4297 inimicissima

199 4338 426 4405 Christianitati
445 4356 526 4421 gens
544 4335 789 4401 sarracenorum
813 4337 974 4419 imposuit,
995 4337 1112 4400 relictis
1133 4336 1267 4419 propriis
1290 4334 1536 4398 habitationibus
1558 4343 1589 4399 et
1608 4334 1810 4399 facultatibus

200 4461 284 4527 quae
303 4441 342 4505 ad
363 4458 418 4505 eos
440 4438 626 4503 hereditario
649 4439 718 4501 iuro
739 4437 938 4521 pertinebant
964 4439 1002 4501 de
1028 4436 1171 4522 partibus
1192 4436 1365 4520 Hispaniae
1387 4436 1425 4500 ad
1449 4456 1508 4500 nos
1528 4435 1752 4520 confugerunt,
1779 4444 1810 4500 et

200 4546 235 4608 in
248 4542 442 4628 Septimania
463 4547 558 4624 atque
577 4541 611 4602 in
632 4558 669 4603 ea
689 4540 833 4623 portione
842 4539 1016 4623 Hispaniae
1039 4558 1120 4622 quae
1142 4559 1160 4602 a
1177 4539 1294 4602 nostris
1310 4537 1545 4601 marchionibus
1555 4539 1588 4600 in
1606 4538 1809 4603 solitudinem

200 4646 326 4711 redacta
344 4644 407 4708 fuit
426 4662 495 4707 sose
513 4642 553 4706 ad
565 4641 993 4721 habitandumoontulernnt,
1014 4647 1045 4706 et
1064 4640 1340 4705 aSarracenorum
1361 4644 1513 4723 potestate
1534 4658 1567 4703 se
1589 4640 1809 4705 subtrahentes

153 4754 309 4812 -ssnostro
334 4746 475 4810 dominio
501 4743 600 4807 libera
626 4753 657 4807 ot
681 4751 824 4828 prompta
851 4744 1013 4808 voluntate
1038 4762 1071 4807 so
1097 4742 1321 4819 subdiderunt,
1349 4742 1392 4805 ita
1413 4740 1451 4804 ad
1474 4742 1638 4804 omnium²
1667 4750 1808 4806 vestrum

199 4850 344 4914 notitiam
364 4846 529 4932 pervenire
546 4846 713 4923 vonimus,
734 4845 817 4928 quod
840 4845 966 4909 eosdem
992 4845 1136 4909 homines
1157 4844 1216 4908 sub
1236 4845 1427 4928 protectione
1448 4852 1479 4907 et
1499 4843 1680 4907 defensione
1703 4850 1810 4908 nostra

201 4957 341 5035 receptos
360 4951 395 5013 in
415 4947 559 5012 libertate
580 4965 766 5010 conservare
788 4945 994 5009 decrevimus.

304 5054 329 5117 l.
349 5050 397 5115 Eo
417 5049 562 5114 videlicet
582 5049 688 5126 niodo,
709 5054 745 5111 ut
767 5049 849 5111 sicut
870 5045 1084 5111 caeterilibori
1101 5046 1245 5110 homines
1265 5066 1339 5109 cum
1361 5048 1475 5111 comite
1495 5066 1554 5111 suo
1576 5049 1608 5110 in
1633 5050 1806 5112 exereitum

202 5160 348 5239 pergant,
375 5159 406 5217 et
426 5152 461 5215 in
482 5151 608 5215 marcha
634 5158 741 5213 nostra
768 5153 859 5213 iuxta
888 5148 1104 5213 rationabilem
1133 5148 1276 5212 eiusdem
1303 5149 1426 5212 comitis
1453 5149 1685 5213 ordinationem
1712 5156 1808 5233 atque

152 5254 449 5327 „admonitionem
476 5252 707 5338 explorationes
732 5262 763 5315 et
787 5251 952 5326 excubias,
981 5252 1065 5335 quod
1094 5252 1208 5315 usitato
1235 5249 1388 5314 uocabulo
1417 5260 1530 5314 tractas
1558 5251 1682 5329 dicunt,
1709 5252 1809 5316 iacere

202 5376 270 5423 non
288 5355 467 5442 negligant,
487 5362 518 5418 et
542 5355 648 5417 missis
671 5354 786 5416 uostris
808 5361 863 5416 aut
886 5352 962 5415 liliib
984 5353 1101 5416 nostrib
1123 5371 1203 5435 quos
1224 5371 1280 5434 pro
1306 5371 1410 5416 rorum
1433 5355 1666 5438 opportunitate
1686 5354 1755 5418 illas
1776 5356 1810 5417 in

301 5644 333 5704 ι)
350 5640 496 5701 honinem
506 5640 569 5695 odd
593 5640 689 5695 thaat.
768 5638 798 5709 b)
819 5637 885 5693 filiis
899 5638 1000 5694 nostrie
1012 5636 1124 5692 coniecit
1135 5638 1236 5708 Boasq„
1246 5639 1371 5705 fortusse
1378 5647 1458 5693 recte.

525 5750 544 5793 r,
1574 5736 1609 5789 34
