4380 6248
262 371 322 435 398
828 371 999 427 ANSEGISI
1023 369 1316 428 cnrl'l‘unnutu'nl

264 552 512 634 praesumptioso
533 552 566 613 ln
588 550 847 612 communionem
869 549 1082 631 accipiuntur:
1107 547 1492 630 quodomniuosanctum
1507 546 1685 612 Nicaenum
1707 549 1877 612 concilium

265 653 360 716 simul
381 660 411 716 et
432 652 663 717 Calcedonense
686 671 808 715 necnon
829 658 861 714 et
881 651 1116 714 Antiochenam
1139 657 1234 732 atque
1253 649 1439 713 Sardicense
1459 649 1528 713 fieri
1549 649 1725 733 prohibent.

366 756 394 819 2.
416 752 466 816 De
485 754 536 817 bis
555 754 612 834 qui
640 752 684 815 ud
704 751 920 816 ordinandum
950 752 1090 814 ueniunt.
1134 750 1234 815 Item·
1260 753 1347 815 enim
1375 750 1510 815 habetur
1535 753 1569 815 in
1596 751 1708 816 eodem
1735 751 1880 831 concilio,

266 864 301 919 ut
322 876 433 921 eorum
454 859 509 940 qui
531 857 569 919 ad
593 855 804 919 ordinandum
827 856 962 919 veniunt
981 854 1060 918 fides
1080 859 1112 917 et
1138 854 1200 916 vita
1221 855 1309 936 prius
1332 853 1372 916 ab
1385 854 1531 937 episcopo
1542 853 1709 936 diligenter
1729 853 1879 918 discutia-

266 971 333 1033 tur,
354 966 385 1022 et
401 960 529 1038 posteob
552 959 746 1021 ordinentur.
1904 978 1917 1017 a

367 1064 395 1126 3.
438 1057 488 1122 De
507 1059 627 1122 clericis
647 1059 793 1140 fatuitiuia
814 1061 842 1120 et
863 1057 1048 1138 peregrinis.
1090 1056 1170 1120 Item
1200 1058 1232 1119 in
1260 1056 1528 1139 eodemconcilio
1548 1077 1672 1122 necnon
1699 1065 1731 1122 et
1757 1059 1791 1122 in
1813 1060 1880 1121 An·

267 1165 411 1228 tioclreno
433 1163 528 1227 simul
552 1169 582 1225 et
613 1165 647 1225 in
669 1159 911 1240 calcedonensi,
940 1166 976 1224 ut
1000 1160 1126 1243 fugitivi
1154 1159 1258 1224 elerici
1285 1167 1317 1223 et
1341 1161 1499 1243 peregrini
1524 1179 1543 1223 a
1568 1160 1658 1224 nullo
1687 1162 1880 1246 recipiantur

267 1287 325 1331 nec
347 1267 533 1330 ordinentur
554 1266 623 1328 sine
647 1263 913 1327 commendatitiis
934 1263 1046 1326 litteris
1066 1267 1097 1326 et
1120 1263 1171 1325 sui
1190 1261 1328 1345 episcopi
1349 1261 1401 1325 vel
1422 1262 1547 1326 abbatis
1568 1262 1703 1327 licentia.

368 1371 396 1432 4.
439 1363 489 1429 De
506 1365 708 1446 presbyteris,
737 1364 921 1427 diaconibus
942 1362 989 1425 uel
1011 1363 1063 1426 bis
1088 1363 1144 1442 qui
1171 1363 1207 1424 iu
1233 1360 1311 1425 clero
1331 1366 1416 1425 siant.
1464 1363 1544 1428 Item
1571 1366 1605 1428 in
1629 1365 1740 1429 omem
1767 1364 1879 1429 sinodo

268 1472 470 1535 interdictum
492 1476 539 1533 cst
560 1469 754 1553 presbyteris
774 1476 806 1531 et
826 1466 1011 1531 diaconibus
1033 1466 1082 1529 vel
1106 1465 1255 1529 omnibus
1267 1467 1323 1549 qui
1344 1467 1378 1529 iu
1390 1466 1473 1530 clero
1494 1473 1585 1541 suut,
1606 1466 1773 1531 mulierem
1793 1478 1877 1531 non‘
1892 1489 1917 1526 ro

268 1575 383 1638 habere
404 1575 436 1635 ln
459 1573 552 1635 domo
573 1592 632 1635 sua
652 1578 777 1654 propter
798 1571 1028 1652 suspicionem,
1049 1569 1112 1632 nisi
1131 1574 1264 1631 matrem
1288 1578 1345 1630 aut
1364 1587 1503 1632 sororem
1517 1569 1566 1633 vel
1588 1589 1642 1634 eas
1664 1576 1791 1633 tantum
1812 1589 1878 1653 per-

157 1710 159 1715 ·
269 1697 364 1741 sonae
385 1694 467 1758 quae
490 1676 686 1758 suspiciones
705 1672 874 1752 effugiunt.

369 1781 398 1842 ῖ).
441 1774 492 1838 De
512 1776 630 1838 aestuis.
672 1775 751 1838 Item
773 1776 805 1837 in
835 1773 945 1836 eodem
970 1772 1103 1835 concilio
1130 1792 1188 1836 seu
1212 1774 1245 1836 in
1271 1773 1403 1837 decretis
1430 1793 1528 1857 papae
1552 1772 1667 1838 Leonis
1696 1793 1822 1838 necnon
1851 1781 1882 1838 et

269 1883 302 1945 in
325 1880 501 1943 canonibus
523 1879 578 1961 qui
600 1875 988 1959 dicunturapostolorum,
1009 1876 1095 1939 sicut
1115 1880 1146 1938 et
1166 1876 1199 1938 in
1212 1875 1280 1957 lege
1290 1873 1449 1938 Dominus
1469 1877 1536 1958 ipse
1556 1877 1727 1960 praecepit,
1748 1879 1879 1940 omnino

271 1982 419 2047 omnibus
440 1980 641 2045 interdictum
664 1986 711 2042 est
733 1978 772 2041 ad
794 1998 926 2041 usuram
946 1977 1066 2060 aliquid
1089 1977 1170 2040 dare.
1894 1997 1918 2036 u

371 2086 399 2148 6.
443 2079 492 2144 Da
515 2080 702 2161 presbyteris
726 2079 853 2159 petunda
880 2079 1010 2141 naissum
1038 2077 1199 2142 celebruni.
1249 2080 1408 2143 Auditum
1436 2086 1498 2153 est,
1529 2079 1654 2163 ahquos
1679 2079 1881 2164 presbytems

272 2190 401 2252 missam
422 2185 579 2249 celebrare
599 2190 629 2246 et
650 2202 715 2245 nou
737 2183 990 2246 communicare:
1024 2181 1109 2265 qaod
1131 2182 1261 2245 omnino
1283 2182 1315 2245 in
1342 2181 1518 2246 canonibus
1542 2181 1756 2265 apostolorum
1785 2184 1880 2245 iuter·

272 2291 392 2353 dIctum
413 2307 481 2352 esse
502 2287 625 2370 legitur.
668 2284 727 2348 Vel
750 2283 908 2367 quomodo
930 2283 1032 2346 dicere
1054 2290 1136 2346 recte
1157 2291 1275 2364 potest,
1303 2285 1330 2347 si
1360 2303 1426 2346 uon
1454 2284 1750 2347 communicaverit:
1778 2284 1882 2347 ‘sum-

271 2394 409 2477 psImus,
428 2389 580 2467 DomInc,
602 2385 840 2450 sacramental’

373 2496 399 2558 ἵ.
443 2488 493 2553 De
516 2490 567 2552 bis
591 2490 648 2569 qui
670 2509 692 2550 u
716 2487 827 2550 sinodo
848 2485 894 2549 uel
914 2506 935 2549 u
954 2507 1011 2549 suo
1036 2487 1175 2567 episcopo
1195 2486 1401 2549 dutuuautur.
1450 2487 1557 2551 Haeod
1578 2507 1653 2552 vero
1674 2507 1732 2572 per
1752 2487 1925 2571 singulare

273 2597 411 2680 capitula
429 2597 462 2658 in
485 2594 611 2657 statutis
632 2591 764 2655 Nicaeni
785 2590 906 2653 concilii
931 2589 1034 2674 legere
1060 2592 1188 2674 potestis
1210 2610 1265 2655 seu
1293 2592 1326 2652 in
1354 2590 1424 2653 alita
1445 2596 1627 2654 sanctorum
1648 2600 1776 2674 patmm
1799 2592 1882 2653 sino-

274 2699 399 2762 dalibus
420 2697 549 2760 edictis‘¹
576 2696 661 2758 etin
683 2693 880 2757 Antiocheno
901 2692 1047 2771 concilio,
1077 2692 1161 2775 quod
1189 2693 1238 2754 his
1260 2693 1316 2775 qui
1339 2691 1478 2755 damnati
1507 2698 1583 2756 sunt
1603 2712 1622 2756 a
1643 2692 1765 2774 synodo
1794 2692 1884 2755 vela

275 2822 332 2866 suo
344 2803 489 2884 episcopo
501 2804 531 2862 et
546 2806 653 2881 postea
665 2798 843 2884 mInistrare
856 2802 1066 2878 praesumunt
1077 2795 1274 2878 praecipitur,
1288 2801 1323 2857 ut
1333 2793 1443 2857 nullus
1453 2794 1568 2858 audeat
1578 2796 1624 2858 eis
1637 2795 1881 2858 communicate.

275 2903 309 2967 Si
330 2904 402 2986 quis
424 2912 515 2964 ver0⁰
535 2899 763 2975 communicat,
785 2897 882 2960 simili
903 2897 1060 2960 sententia
1082 2895 1257 2967 subiaceat,
1279 2897 1362 2958 sicut
1382 2902 1413 2959 et
1434 2895 1633 2980 dampnatus.

375 3006 402 3068 8.
444 2999 494 3064 De
513 3000 729 3080 sufflupuuais
749 2997 907 3079 episcopis.
950 2998 1029 3062 Item
1051 2999 1084 3060 in
1103 2997 1374 3071 eodemconcilio,
1396 3005 1432 3061 ut
1452 2999 1492 3061 ad
1505 2999 1785 3083 metropolitanum
1804 3001 1924 3082 epis-u

275 3126 391 3190 copum
414 3105 603 3187 suffraganei
624 3103 811 3186 respiciant,
838 3108 869 3165 et
895 3100 973 3164 nihil
997 3101 1072 3163 novi
1094 3099 1232 3162 audeant
1252 3101 1354 3164 tacere
1382 3100 1416 3163 in
1441 3101 1509 3164 suis
1529 3101 1702 3184 parmchiis
1724 3102 1795 3164 sine
1812 3119 1885 3164 eon·

276 3209 407 3273 scientia
427 3208 471 3270 et¹
491 3206 640 3269 consiliof
662 3206 712 3268 sui
734 3203 965 3287 metropolitani
986 3222 1044 3266 nec
1066 3202 1329 3284 metropolitanus
1353 3204 1421 3266 siue
1442 3222 1552 3266 eorum
1573 3202 1716 3266 oonsilio.

377 3312 405 3374 9.
448 3306 498 3370 Dc
518 3307 743 3387 corepiscopisss
783 3306 863 3370 Item
890 3307 925 3369 in
945 3305 1056 3369 eodem
1085 3304 1232 3382 concilio,
1260 3304 1356 3369 simul
1381 3312 1412 3369 et
1432 3306 1466 3368 iu
1487 3307 1726 3386 Ancyronensi,
1754 3312 1791 3369 ut
1821 3324 1886 3368 eor·

278 3412 415 3496 episcopi
440 3417 631 3494 cognoscant
662 3408 793 3472 modum
820 3428 915 3471 suum
949 3414 980 3471 et
1008 3405 1087 3469 nihil
1117 3406 1231 3469 faciant
1268 3406 1388 3490 absque
1415 3407 1540 3471 licentia
1567 3408 1704 3491 episcopi
1732 3408 1768 3470 in
1795 3408 1886 3471 cuius

277 3515 441 3599 parrochia
461 3512 611 3576 habitant.
1897 3526 1918 3565 u

381 3618 426 3680 10.
468 3611 518 3676 De
539 3614 689 3693 episcopis
717 3612 763 3675 uel
782 3610 969 3693 quibuslibet
994 3631 1032 3673 aa
1057 3608 1144 3673 clero.
1186 3611 1264 3675 Item
1289 3613 1322 3674 in
1344 3612 1455 3676 eodem
1483 3611 1630 3686 concilio,
1656 3618 1691 3674 ut
1716 3613 1887 3696 episeopus

278 3719 328 3782 vel
350 3717 482 3801 quilibet
502 3736 541 3781 en
564 3716 646 3780 clero
668 3718 736 3780 siue
755 3715 885 3779 cousilIo
906 3715 955 3778 vel
976 3714 1088 3777 litteus
1111 3714 1329 3797 episcoporum
1342 3714 1391 3777 vel
1413 3713 1644 3797 metropolitani
1665 3733 1730 3777 non
1749 3713 1886 3778 audeant

279 3821 416 3904 regalem
447 3820 631 3902 dignitatem
661 3838 716 3902 pro
745 3819 812 3881 suis
841 3819 946 3881 causis
973 3817 1125 3895 clamare,
1159 3816 1214 3878 sed
1245 3817 1277 3878 in
1311 3818 1472 3880 communi
1503 3817 1722 3900 episcoporum
1755 3815 1885 3879 concilio

279 3924 393 3986 cerusah
414 3923 621 3985 examinetur.

383 4027 428 4088 ll.
470 4018 521 4084 De
541 4020 792 4084 ordinationibus
819 4018 865 4081 vel
891 4018 1076 4100 quibuslibet
1097 4019 1237 4100 nequitie.
1279 4019 1358 4085 Item
1383 4021 1418 4082 iu
1447 4020 1557 4084 eodem
1578 4020 1711 4084 concilio
1739 4020 1836 4084 simul
1859 4030 1889 4083 et
1899 4036 1923 4075 ιε

281 4128 314 4189 iu
336 4125 514 4188 Sardicensi
536 4143 658 4186 necnon
686 4130 717 4186 et
742 4124 775 4185 in
802 4123 934 4186 decretis
960 4122 1138 4186 Innocentii
1164 4141 1280 4206 papae,
1310 4128 1346 4185 ut
1371 4121 1481 4184 nullus
1509 4123 1675 4206 episeopus
1698 4123 1732 4185 in
1759 4121 1887 4186 alterius

280 4227 444 4312 parrochia
472 4225 684 4288 ordinationes
710 4224 833 4307 aliquas
859 4225 974 4288 audeat
1001 4225 1102 4288 facere
1130 4224 1180 4287 vel
1211 4225 1335 4306 negotia
1363 4243 1510 4307 peragere
1544 4242 1626 4306 quae
1652 4223 1692 4287 ad
1722 4242 1798 4287 eum
1826 4243 1888 4288 uon

281 4331 444 4414 pertinent

279 4614 450 4670 consecratio
459 4614 534 4669 facta
542 4614 635 4683 fuerit,
648 4614 732 4668 liceat
740 4612 852 4667 domiuo
862 4613 935 4667 iutra
942 4631 1044 4667 aunum
1054 4621 1162 4667 tantum
1176 4613 1364 4668 conditionem
1383 4613 1500 4684 probare
1509 4621 1538 4668 et
1546 4612 1689 4684 proprium
1699 4631 1810 4667 servum
1822 4614 1889 4667 reci·

279 4713 352 4766 pere.
386 4694 414 4749 si
425 4703 517 4749 autem
526 4713 621 4749 servus
629 4695 733 4748 sciente
742 4694 786 4747 vel
801 4693 946 4765 ignorante
955 4693 1067 4747 domino
1081 4694 1232 4747 secundum
1250 4711 1362 4764 eaquae
1372 4695 1500 4760 diximus,
1515 4693 1616 4763 exipso
1627 4693 1733 4748 honore
1742 4693 1890 4748 clericatur
1900 4688 1926 4727 ω

279 4776 435 4830 libertatem
446 4775 569 4844 meritus,
583 4782 680 4845 poetae
693 4773 912 4828 ecclesiasticum
922 4773 1105 4827 ministerium
1114 4773 1259 4843 reliquerit
1272 4781 1301 4828 et
1313 4775 1348 4829 ad
1366 4775 1500 4829 laicorum
1516 4773 1601 4828 vitam
1610 4773 1761 4839 hunaierit,
1775 4773 1889 4828 domiuo

280 4873 330 4910 suo
340 4856 368 4909 in
377 4855 488 4910 servitio
503 4856 633 4909 tradatur.
662 4855 743 4916 (baed
755 4853 904 4923 capitutum
918 4861 956 4906 eat
964 4853 1070 4906 Iuliani
1083 4854 1196 4924 epitome
1208 4854 1304 4907 novati.
1313 4853 1400 4920 CXV,
1409 4854 1455 4907 28.
1492 4854 1526 4906 Iu
1539 4853 1634 4906 codtbe
1642 4853 1710 4906 Par.
1719 4852 1820 4908 10758
1829 4863 1890 4907 uara

282 4937 330 4988 boc
338 4936 425 5006 a'preruu
433 4936 575 4989 recudimi
581 4953 664 4987 mauu
671 4934 822 5005 suppletum
831 4942 883 4986 eat:
896 4932 941 4987 De
954 4933 1040 4987 dubia
1048 4934 1238 4996 conventione.
1268 4931 1333 5005 Cap.
1347 4934 1431 5006 primi
1445 4941 1586 4989 tractatus
1615 4931 1644 4987 Si
1653 4933 1717 5004 quis
1726 4934 1888 4988 decennon-

279 5016 356 5069 tione
366 5016 423 5087 ulla
431 5015 552 5086 aliquem
562 5014 786 5085 interpellaverit,
803 5031 859 5067 uon
867 5031 917 5084 per
925 5020 1078 5084 postremas
1087 5021 1135 5068 aut
1142 5014 1300 5068 adiacentes
1315 5015 1420 5085 eedper
1428 5014 1573 5085 primarias
1581 5013 1711 5084 rationes,
1727 5014 1807 5068 iuxta
1816 5014 1888 5084 qnod

282 5095 310 5148 in
319 5094 416 5165 primis
426 5113 469 5148 res
480 5094 554 5149 iacta
563 5113 591 5150 se
600 5094 699 5149 habuit
707 5101 846 5148 tractetur.
875 5094 956 5157 Quod
970 5093 992 5147 si
1007 5100 1092 5148 testea
1106 5094 1224 5165 legitimi
1239 5093 1387 5149 adfuerunt
1400 5094 1588 5159 conventioni,
1603 5094 1681 5147 iuxta
1694 5094 1861 5148 testimonia
1872 5113 1888 5147 a
1899 5090 1925 5130 ⁴⁸

281 5192 376 5228 eorrrm
387 5175 513 5241 maximo,
529 5193 584 5228 nou
593 5174 656 5228 aliis
663 5175 781 5244 posteris
789 5174 981 5229 occasionibus
994 5191 1065 5243 quac
1081 5191 1131 5244 per
1143 5174 1261 5244 primam
1275 5175 1484 5245 stipulationem
1498 5175 1573 5245 quod
1588 5173 1695 5228 lactum
1712 5184 1763 5243 est,
1780 5186 1889 5246 oportet

280 5252 396 5308 definiri.
407 5284 443 5292 —
454 5255 531 5307 Haec
539 5257 610 5308 uude
618 5257 741 5308 desum
748 5256 801 5307 siret
809 5255 913 5323 iquoru
973 5254 1004 5324 g)
1025 5253 1152 5324 pritum
1165 5254 1351 5325 iuraripte'ovma
1364 5255 1489 5308 omittam
1500 5255 1585 5310 codd.
1594 5253 1747 5324 complana
1751 5274 1763 5324 ,·
1778 5255 1818 5307 ito
1831 5254 1888 5307 l'at

280 5333 630 5405 1²01.582;1’an·a.96543
649 5335 736 5388 Ottob.
747 5334 811 5388 258.
859 5337 887 5403 a)
904 5333 1012 5388 Itaulii
1074 5333 1104 5391 bl
1121 5333 1345 5405 metonymia.
1395 5335 1422 5405 c)
1439 5353 1495 5390 non
1504 5353 1557 5388 om.
1567 5333 1699 5388 meua
1748 5333 1781 5404 d)
1804 5333 1888 5389 r'aeta

282 5413 864 5485 Haeo....edictiaiucapitu1uriapenuiui
877 5414 1016 5467 codicrbm
1030 5414 1542 5486 munibtoemababupunturoupitimm
1551 5415 1888 5486 montanarium

278 5492 367 5566 puli,
379 5495 717 5548 eumNicuenumm'ba'tde
726 5494 998 5565 presbyteroma‘aeam
1011 5494 1160 5548 ubuum
1171 5502 1197 5548 et
1208 5512 1262 5548 nou
1276 5495 1490 5549 communicante
1499 5495 1643 5566 condunt,
1657 5496 1926 5567 mmmm

282 5574 700 5646 muramtpmtmulviab,
713 5574 822 5628 sardia.
833 5573 880 5640 17,
893 5573 1035 5631 Aiebat„
1122 5568 1154 5641 e)
1169 5574 1409 5648 eiedd.cop.pun
1490 5575 1515 5645 t)
1532 5582 1562 5631 et
1574 5592 1649 5631 cona
1661 5576 1887 5631 monadoru-

277 5655 382 5727 plum.
442 5659 472 5727 g)
494 5648 612 5725 Capeti)
623 5649 1311 5726 poete.10ponunteod‹t00td¹’·at1'oeia4761.
1371 5654 1783 5728 &eiusad-elborensem.

869 5860 919 5899 lx

869 5920 880 5945 r
