4418 6226
362 357 424 423 220
544 361 739 420 CAPITULA
759 362 1012 418 SINGILLA'I'IM
1033 362 1206 417 TRADITA
1227 360 1381 417 KAROLO
1400 361 1535 418 MAGNO
1556 360 1779 418 Anscmprn

465 549 513 631 In
534 579 667 652 quaeun-
692 566 771 629 la'bra'
787 566 956 651 Papirium
981 565 1141 629 codicibus
1168 566 1325 629 circeredus*
1352 565 1418 628 loco
1444 565 1583 645 deberem
1612 567 1685 651 ίῳ.
1708 566 1767 647 IV,
1787 568 1862 644 586,
1889 592 1915 630 c.
1937 569 1966 631 3.

363 674 420 737 Ad
444 673 618 759 exemplum
641 672 744 758 Capit.
771 672 891 758 lepidae
917 671 1026 735 addo'tr'
1042 674 1101 738 803
1128 674 1245 759 capitia
1266 675 1285 738 6
1312 698 1333 735 a
1359 672 1490 737 librario
1516 661 1573 737 vel⁴
1590 672 1799 738 tormentabo
1828 673 1966 758 quodam

360 776 468 854 fiebam
489 774 620 839 videtur.
1359 775 1413 848 (B.
1436 774 1538 855 dcam
1560 776 1596 838 P.
1618 776 1645 856 I,
1668 777 1734 856 193,
1754 800 1780 838 c.
1805 776 1866 855 14.)

463 964 512 1028 20.
556 961 756 1045 Quicumque
777 981 827 1025 res
848 982 923 1026 suas
944 982 1000 1045 pro
1014 963 1120 1024 anima
1140 981 1199 1024 sua
1219 963 1257 1025 ad
1274 982 1379 1026 casam
1392 961 1451 1026 Dei
1473 969 1528 1026 aut
1544 963 1582 1026 ad
1594 968 1825 1046 parentessuos
1838 963 1905 1025 sive
1927 962 1967 1024 ad

363 1065 441 1127 alios
461 1065 604 1128 homines
624 1064 786 1127 tradiderit
806 1069 837 1127 et
858 1065 890 1126 in
912 1064 1033 1126 hostem
1055 1072 1110 1127 ant
1132 1066 1164 1126 in
1188 1066 1351 1127 servitium
1372 1063 1430 1128 Dei
1453 1066 1556 1128 iturus
1576 1065 1672 1128 fuerit
1691 1070 1747 1127 aut
1768 1064 1806 1127 ad
1832 1070 1965 1127 mortem
1999 1079 2013 1117 ⁵

364 1167 511 1247 traditus,
540 1169 567 1230 si
588 1169 621 1229 in
643 1168 710 1251 ipso
731 1168 843 1229 itinere
863 1173 919 1228 aut
940 1165 979 1228 de
999 1166 1069 1248 ipsa
1088 1165 1269 1229 infirmitate
1291 1172 1435 1230 mortuus
1456 1167 1563 1245 fuerit,
1589 1167 1702 1231 habeat
1722 1168 1790 1250 ipse
1809 1169 1895 1251 ipsas
1914 1186 1966 1231 res

363 1270 415 1331 cui
436 1269 566 1332 traditae
587 1276 669 1332 sunt
710 1268 751 1331 nt
772 1270 798 1332 si
819 1275 965 1331 mortuus
986 1287 1049 1331 non
1071 1266 1219 1330 fueritin
1240 1269 1308 1350 ipso
1321 1269 1433 1332 itinere
1448 1274 1504 1332 aut
1522 1270 1561 1333 de
1580 1271 1649 1353 ipsa
1670 1269 1868 1350 infirmitate,
1889 1270 1967 1332 reci-

363 1371 427 1454 piat
447 1389 497 1433 res
519 1391 593 1433 suas
615 1390 694 1453 quas
715 1369 888 1450 tradiderit,
910 1371 936 1432 si
959 1369 1107 1448 voluerit,
1128 1375 1159 1432 et
1179 1370 1290 1433 habeat
1311 1372 1343 1433 in
1366 1391 1424 1434 suo
1446 1373 1516 1435 iure
1537 1374 1619 1435 sicut
1639 1379 1731 1436 antea
1751 1371 1869 1435 habuit.

961 1598 1361 1606 ——--———.

463 1842 512 1921 In
531 1859 633 1922 trabam
659 1857 738 1921 aba·
756 1859 925 1942 Poptenatls
951 1857 1111 1921 codicibus
1136 1827 1233 1943 quasi
1250 1857 1368 1921 Karoli
1384 1859 1428 1921 M.
1450 1858 1625 1943 capitulum
1654 1858 1784 1944 bpz'tar5
1810 1859 1884 1944 Lep.
1906 1859 1927 1922 l
1932 1858 1966 1938 V,

361 1968 431 2047 587,
460 1991 485 2029 c.
509 1968 556 2029 11.
604 1963 729 2026 Fictum
755 1976 802 2027 ast
828 1989 844 2028 e
869 1964 998 2028 concilii
1013 1964 1211 2028 Arelatensis
1231 1968 1291 2030 813
1316 1988 1433 2029 canone
1459 1968 1508 2048 23,
1536 1968 1640 2030 verbm
1663 1967 1833 2049 postremis
1860 1989 2013 2030 recensio

361 2068 493 2131 additas.
1348 2068 1401 2143 (B.
1425 2067 1525 2147 deeot5
1550 2068 1587 2131 P.
1609 2069 1637 2149 I,
1661 2070 1726 2147 193,
1750 2092 1776 2130 c.
1800 2071 1864 2146 16.)

462 2255 509 2318 21.
551 2253 595 2316 Ut
615 2272 673 2316 nec
695 2254 832 2336 episcopi
857 2273 916 2317 nec
941 2253 1069 2318 abbates
1094 2274 1154 2318 nec
1181 2256 1311 2319 comites
1338 2275 1397 2319 nec
1424 2258 1534 2319 vicarii
1562 2275 1621 2319 nec
1645 2256 1765 2319 iudices
1791 2256 1966 2339 nullusque

362 2358 492 2419 omnino
514 2354 574 2419 sub
594 2356 670 2418 mali
691 2357 854 2418 occasione
874 2356 923 2419 vel
951 2356 1033 2420 malo
1059 2357 1187 2439 ingenio
1212 2376 1264 2421 res
1288 2377 1463 2442 pauperum
1496 2359 1546 2422 vel
1573 2361 1680 2422 minus
1706 2360 1882 2442 potentium
1904 2376 1964 2420 nec

362 2478 466 2523 emere
487 2477 546 2522 nec
566 2459 598 2520 vi
618 2457 727 2521 tollere
747 2457 875 2535 audeat3
898 2458 953 2521 scd
973 2460 1119 2541 quisquis
1141 2479 1181 2522 ex
1202 2461 1248 2523 eis
1270 2461 1388 2544 aliquid
1410 2481 1591 2543 comparare
1611 2461 1762 2540 voluerit,
1783 2460 1817 2523 iu
1839 2458 1964 2543 publico

362 2579 467 2623 coram
489 2560 610 2624 idoneis
631 2559 764 2623 testibus
784 2564 910 2624 etcum
930 2560 1106 2624 rationibus
1134 2561 1192 2624 hoc
1216 2562 1316 2626 faciat
1359 2563 1561 2647 Ubicumque
1586 2569 1692 2626 autem
1711 2562 1831 2644 aliquid
1853 2563 2011 2626 iuven-1⁵

362 2669 431 2725 tum
451 2662 545 2726 fuerit
565 2661 699 2742 factum,
720 2661 778 2724 hoc
800 2664 928 2725 omnino
950 2664 1136 2727 emendetur
1157 2683 1212 2747 per
1234 2665 1407 2728 iussionem
1430 2673 1578 2729 nostram.

462 3151 511 3231 Io
531 3167 642 3231 ribdem
663 3166 742 3231 libri
757 3167 928 3252 Papieasia
946 3168 1106 3231 codicibus
1131 3170 1229 3252 qenai
1245 3167 1364 3231 Karol’
1380 3169 1425 3231 M.
1452 3168 1627 3253 capitulum
1653 3169 1782 3255 lepidum
1812 3170 1883 3256 Lep.
1904 3170 1965 3250 IV,

360 3277 437 3358 587,
464 3301 490 3339 c.
512 3277 559 3340 12.
615 3274 690 3339 Vere
713 3276 878 3359 repetitum
905 3287 953 3339 eat
976 3299 1015 3338 aa
1041 3276 1171 3358 epitome
1196 3274 1329 3360 Aepa‘dai'
1356 3274 1442 3337 dicto
1468 3276 1562 3360 Lepas
1590 3275 1752 3338 &monce
1783 3275 1856 3339 Wia.
1888 3274 1964 3340 God.

366 3377 480 3442 Theod.
504 3378 537 3441 V.
560 3378 607 3441 12.
629 3376 765 3461 Interpr.
1352 3377 1405 3455 (B.
1427 3376 1512 3441 deest
1519 3401 1530 3456 ,·
1552 3377 1588 3440 P.
1609 3377 1638 3458 l,
1662 3379 1729 3457 193,
1754 3402 1781 3440 c.
1804 3378 1865 3459 17.)

461 3568 509 3628 22.
554 3563 595 3628 Ut
615 3564 708 3648 longa
728 3565 936 3645 consuetude,
959 3584 1040 3648 quae
1060 3566 1099 3628 ad
1123 3565 1288 3629 utilitatem
1309 3563 1467 3647 publicam
1490 3565 1552 3625 nbn
1575 3563 1719 3647 impedit,
1741 3583 1796 3647 pro
1817 3564 1886 3646 lege
1901 3583 1965 3627 ser·
1984 3590 2012 3626 ιο

361 3673 468 3747 vatin,
489 3672 519 3730 et
539 3686 621 3750 quae
642 3667 697 3730 diu
718 3673 859 3731 servatae
879 3675 955 3731 sunt
974 3674 1186 3751 permaneant
