4418 6226
1056 949 1137 1084 X.

412 1175 820 1317 CAPITULA
864 1177 1407 1316 SINGILLATIM
1454 1181 1823 1317 TRADITA

312 1373 419 1506 ET
473 1370 1378 1706 HLUDOWlffiSEffiPlTlpl
1433 1374 1922 1514 HLOTHARIO

918 1845 1214 1852 ——.-

289 2124 303 2165 5
628 2038 724 2143 llll.
765 2036 1155 2145 CAPITULA
1201 2035 1605 2146 FRANOIOA.

420 2189 502 2268 [loc
522 2206 697 2291 cerpetulum
719 2206 832 2292 loquitar·
859 2211 894 2270 r'u
914 2209 981 2271 cod.
995 2209 1117 2271 ulmeae.
1139 2210 1213 2272 olim
1226 2210 1310 2273 Frab.
1331 2212 1532 2273 rehabuerunt
1552 2213 1656 2295 copiti
1671 2212 1749 2276 Alias.
1765 2213 1831 2292 III,
1850 2239 1875 2276 c.
1884 2215 1923 2278 41

314 2325 345 2376 et
363 2314 551 2397 eiwcrr'ptum
573 2314 675 2376 verbis
697 2313 761 2377 ‘De
778 2315 867 2376 tertio
893 2314 1010 2379 labello'
1026 2329 1103 2400 poet
1120 2318 1310 2401 Ansepisum
1331 2319 1412 2381 cister
1430 2317 1598 2380 Hbrtbore'e'
1614 2319 1757 2402 capitulo
1779 2322 1812 2382 rie
1834 2319 1925 2384 codd.

315 2415 519 2481 Pana3878.
536 2415 592 2499 fol.
607 2416 683 2480 157ἵ
705 2429 735 2478 et
753 2416 876 2479 alienae
889 2418 977 2481 3853.
988 2418 1053 2501 jol.
1065 2421 1134 2484 246.
1176 2419 1362 2483 Hludoior'ea'
1378 2432 1482 2483 autem
1503 2419 1627 2483 vedetur
1640 2433 1670 2484 et
1685 2434 1921 2486 corwentaneuor

315 2517 445 2600 eapr'till
464 2518 613 2582 anua'803
632 2541 734 2600 supro
752 2541 831 2602 paq.
846 2520 903 2583 1Ῑό
923 2519 1014 2583 edito.
1452 2522 1507 2602 (B.
1531 2521 1632 2602 decem
1659 2522 1696 2584 P.
1718 2523 1825 2604 deest)

278 2712 304 2750 10
418 2640 488 2782 Ut
508 2684 618 2749 nullus
637 2686 726 2751 testis
749 2707 844 2770 supra
866 2690 1052 2752 vestituram
1074 2690 1125 2752 avi
1146 2695 1202 2752 aut
1222 2690 1320 2773 patris
1341 2691 1440 2753 nostri
1463 2691 1662 2774 suscipiatur.

420 2919 591 3020 [equum
620 2936 695 2999 buce
717 2936 778 3000 duo
803 2937 946 3022 capitulo
978 2938 1012 3000 e’n
1038 2936 1252 3022 compluribus
1277 2937 1433 3023 Ararepisr'
1457 2939 1617 3002 eodr'ea'lme
1641 2940 1761 3003 absolu
1781 2938 1860 3002 libro
1880 2962 1927 3003 ae·

317 3045 419 3109 mando
438 3056 515 3130 post
533 3056 631 3128 caput
651 3044 1032 3108 tricesimum-secundum.
1061 3033 1198 3108 'Damae
1218 3056 1322 3108 auum
1342 3044 1520 3108 nouaclum
1540 3047 1575 3107 in
1595 3045 1756 3109 codcmbrw
1770 3046 1925 3131 plrnuimls

316 3147 375 3211 ced
393 3149 487 3212 etaiam
509 3148 542 3210 in
561 3145 761 3208 concelebrem
784 3147 957 3210 canonibus
977 3147 1119 3231 equibus
1128 3146 1283 3231 Aneeqa'ea'
1298 3147 1407 3230 capita
1417 3150 1455 3211 31
1478 3159 1508 3210 et
1526 3149 1687 3231 «septoculo
1701 3148 1780 3211 labri
1794 3147 1931 3212 eecrrnda‘

318 3262 465 3334 excepto
483 3260 566 3312 meet.
612 3247 760 3310 Generum
778 3248 862 3333 repis
882 3247 1026 3331 capitulo
1046 3249 1120 3331 ipsa
1139 3271 1207 3312 esse
1224 3271 1287 3311 non
1304 3249 1502 3330 nequeenim
1522 3272 1566 3310 on
1580 3248 1765 3313 Hlodmoici
1782 3251 1927 3314 debrian-

280 3376 307 3417 15
319 3351 393 3414 dum
417 3363 471 3414 eet.
1206 3350 1259 3429 (B.
1279 3350 1371 3434 opud
1388 3349 1524 3436 Ληθεφ,ι
1550 3351 1588 3414 P.
1611 3351 1702 3436 copied
1719 3351 1824 3429 Aac).

419 3505 448 3568 2.
489 3501 537 3565 De
558 3503 664 3565 causis
686 3502 875 3575 viduarum,
895 3502 1104 3585 pupillorum,
1134 3502 1316 3564 orfanorum
1337 3501 1386 3563 rel
1405 3501 1600 3584 reliquorum
1622 3520 1813 3584 pauperum:
1840 3502 1928 3564 utin

320 3608 423 3690 primo
443 3615 600 3668 conventu
621 3612 694 3666 ante
715 3604 851 3667 medinm
874 3605 955 3666 diem
979 3604 1106 3666 illorum
1128 3605 1205 3666 ratio
1226 3603 1275 3666 vel
1298 3602 1426 3685 querela
1446 3602 1594 3665 audiatur
1616 3608 1647 3665 et
1669 3602 1871 3681 diffiniatur,l
1897 3610 1929 3667 et

320 3716 391 3793 post
412 3708 548 3771 mediam
572 3707 655 3769 diem
677 3726 774 3769 eaursa
793 3708 878 3790 regia
900 3715 931 3769 et
955 3705 1157 3770 eeclesiarum
1186 3706 1236 3768 vel
1265 3712 1428 3788 potentum
1456 3705 1639 3782 hominum3
1668 3706 1743 3788 quia
1770 3707 1830 3789 ipsi
1851 3725 1928 3788 pau·

320 3830 410 3894 peres
430 3829 493 3873 non
522 3808 639 3872 habent
664 3808 845 3872 facultatem
874 3809 958 3872 unde
987 3815 1162 3872 sustentare
1189 3828 1223 3871 se
1251 3809 1390 3890 possint,
1418 3806 1517 3870 donec
1543 3807 1582 3869 ad
1609 3826 1718 3869 eorum
1744 3809 1930 3890 perveniant

279 3914 474 3976 iniustitiam
495 3919 526 3975 et
544 3912 614 3975 ideo
636 3919 740 3974 tantos
761 3912 913 3974 clamores
933 3910 1052 3974 iaciunt
1073 3911 1112 3972 ad
1132 3930 1225 3973 aures
1245 3916 1376 3972 nostras.

423 4016 452 4078 3.
495 4013 543 4076 De
561 4014 624 4077 illis
643 4013 826 4076 homiuibus
849 4013 904 4095 qui
926 4013 1043 4076 iniuste
1064 4032 1159 4096 super
1180 4013 1257 4075 alios
1277 4012 1421 4074 homines
1435 4011 1578 4093 querelas
1594 4011 1731 4074 faciunt:
1753 4012 1791 4074 de
1812 4012 1929 4095 quibus

320 4115 486 4192 volumuS,
513 4117 540 4178 si
561 4117 712 4178 inventus
733 4115 827 4178 fuerit
846 4115 963 4198 aliquis
983 4117 1039 4198 qui
1060 4135 1124 4178 non
1154 4114 1248 4177 habet
1267 4114 1421 4177 iustitiam
1443 4113 1595 4175 causandi
1615 4113 1667 4176 rel
1688 4113 1878 4177 reclamandi
1899 4120 1930 4178 et

320 4237 354 4281 re
375 4219 479 4280 victus
500 4218 610 4295 fuerit,
639 4223 764 4300 propter
787 4217 874 4280 illam
903 4217 1117 4301 calumpniam
1145 4237 1240 4299 quam
1267 4217 1340 4278 feeit
1362 4215 1536 4277 secundum
1563 4215 1664 4298 legem
1687 4221 1718 4279 et
1739 4218 1929 4300 aequitatem

321 4320 476 4382 iustitiam
497 4319 590 4382 faciat

280 4543 307 4582 25
421 4495 591 4574 [reveritur
614 4532 744 4593 sequens·
771 4509 945 4593 capitulum
973 4511 1007 4572 in
1035 4509 1101 4573 cod.
1124 4510 1228 4574 Portis.
1242 4513 1322 4575 llll
1347 4523 1505 4595 terraquum
1530 4511 1675 4574 aelianum
1702 4511 1781 4574 labri
1797 4510 1929 4596 Aneeqr'·

322 4621 414 4685 abui
430 4616 566 4682 secundi
581 4615 765 4700 capitulum.
809 4617 873 4680 Pro
886 4617 1137 4680 Hludaner'ca'Pr'e’
1153 4618 1292 4702 capabile
1312 4641 1374 4681 uon
1393 4619 1545 4682 cirroteca-aio
1565 4619 1677 4682 baberi
1687 4631 1801 4703 potest,
1822 4621 1929 4682 etaiam-

320 4724 355 4785 εἰ
372 4723 441 4785 erite
460 4720 547 4804 oropo
567 4741 629 4781 non
650 4719 774 4781 animle
795 4731 881 4781 <arto
900 4732 953 4783 eet.
1488 4720 1543 4796 (B.
1566 4720 1665 4801 deest5
1692 4721 1730 4784 P.
1753 4721 1860 4801 deest.)

424 4873 451 4935 4.
497 4869 539 4933 Ut
562 4868 739 4932 secundum
758 4888 915 4933 canonum
937 4872 1154 4933 auctoritatem
1174 4878 1205 4936 ct
1226 4879 1365 4934 nostram
1382 4871 1660 4934 constitutionem2
1681 4872 1719 4936 de
1739 4893 1814 4956 agro
1834 4873 1931 4938 eccle-

323 4975 452 5038 siastico
475 4979 506 5036 et
526 4991 636 5035 manso
659 4990 694 5033 ac
715 4972 895 5053 mancipiis,
922 4972 971 5034 vel
990 4974 1016 5034 si
1036 4972 1168 5054 quilibet
1190 4994 1246 5057 pro
1270 4975 1337 5037 loco
1362 4972 1542 5055 sepulturae
1563 4974 1681 5057 aliquid
1703 4976 1853 5040 ecclesiae
1872 4977 1931 5040 lar·

281 5078 407 5158 agitas
428 5076 537 5154 luerit,
568 5093 673 5157 neque
694 5074 733 5135 de
754 5072 884 5136 decimis
911 5081 942 5136 et
962 5074 1174 5139 oblationibus
1195 5075 1337 5139 fidelium
1363 5074 1528 5158 presbyter
1550 5075 1687 5159 aliquem
1708 5098 1841 5142 censum
1862 5098 1931 5163 per·

324 5177 446 5242 solvere
467 5185 611 5260 cogatur,
634 5195 692 5239 nec
714 5176 885 5259 quisquam
901 5175 1071 5240 cuiuslibet
1081 5177 1200 5241 ordinis
1208 5177 1259 5241 vel
1274 5177 1435 5261 diguitatis
1446 5178 1561 5241 exinde
1575 5180 1745 5262 quicquam
1769 5181 1934 5245 subtrahat

323 5286 378 5343 aut
396 5278 567 5362 temporale
588 5278 712 5341 lucrum
734 5279 853 5360 exigat:
882 5278 967 5361 quod
996 5280 1021 5342 si
1043 5279 1164 5359 fecerit,
1192 5279 1417 5343 communione
1441 5281 1584 5363 privetur
1610 5286 1641 5344 et
1669 5283 1756 5366 regia
1780 5287 1932 5367 potestate

324 5381 384 5444 hoc
404 5381 572 5445 emendare
593 5379 734 5464 legaliter
754 5387 891 5463 cogatur.

426 5522 455 5591 1)
479 5524 541 5593 (fr.
550 5542 635 5595 nqaro
646 5542 712 5594 puy.
723 5522 769 5589 63,
783 5541 807 5576 c.
819 5523 854 5576 17
864 5545 871 5593 3
881 5543 910 5594 p.
921 5524 988 5595 281,
1004 5546 1027 5577 e.
1038 5526 1064 5578 3.
1116 5524 1146 5593 2)
1170 5526 1228 5591 (λῖν.
1241 5544 1325 5598 eupm
1335 5546 1402 5598 puy.
1412 5526 1479 5599 277,
1492 5527 1579 5596 0.10;
1590 5548 1620 5600 p.
1631 5528 1698 5598 304,
1712 5547 1736 5582 c.
1746 5529 1770 5583 5.

377 5734 418 5771 rr„
436 5735 622 5775 carmennum
639 5734 656 5773 1.
1698 5723 1732 5777 48
