4380 6248
723 397 773 450 ET
794 395 1010 451 HLOTHARII
1031 394 1295 454 CAPITULARIA
1316 397 1493 453 alt-eat.
1852 396 1914 461 349

303 568 366 634 bus
386 570 543 635 defunctis
563 591 620 636 seu
642 572 805 636 monachis
827 591 884 636 seu
905 571 1055 637 omnibus
1066 572 1228 637 catholicis
1239 571 1387 638 fidelibus
1397 574 1577 638 christianis
1597 575 1710 659 psalmi
1732 576 1913 660 quinque⁶⁸

304 679 460 736 canantur
480 674 512 737 id
534 680 582 738 est
602 672 778 738 ‘Dominus
793 675 874 758 regit
889 674 959 743 ma‘
980 675 1047 738 ‘Ad
1068 681 1099 739 te
1119 673 1256 739 Domine
1271 674 1394 754 levavi,’
1416 674 1591 740 ‘Dominus
1612 677 1801 741 illuminatio
1822 678 1912 758 mea‚'

306 771 457 839 ‘Domine
476 775 619 853 exaudi,’
641 775 680 839 11.
701 775 838 857 ‘Lauda
859 779 966 840 anima
985 797 1070 855 mea,
1090 775 1284 841 Dominum'

404 879 465 942 83!
507 876 551 942 Ut
570 878 675 942 datam
696 899 715 942 a
735 881 839 963 priore
858 882 985 964 saponis
1012 887 1043 944 et
1072 885 1228 944 uncturae
1256 899 1439 944 mensuram
1465 889 1496 945 et
1520 881 1642 964 reliqua
1670 901 1752 966 quae
1773 880 1818 944 ibi
1839 901 1914 947 con·

278 980 441 1043 eveniunt
461 982 638 1045 necessaria
658 982 697 1045 ad
718 1002 793 1045 suos
814 982 951 1046 habeant
971 983 1088 1061 lectos]

404 1200 434 1272 y)
459 1199 527 1273 Cap.
538 1200 575 1255 83
588 1203 617 1255 in
628 1202 688 1256 cod.
697 1203 796 1255 Bamb.
809 1203 936 1271 additam
950 1204 1002 1272 csr.
1015 1221 1099 1274 snpra
1111 1221 1171 1274 cop.
1182 1202 1227 1256 22.

406 1415 454 1473 eal
475 1416 577 1470 Paalm.
590 1416 634 1470 22.
647 1416 692 1471 24.
706 1417 752 1473 26.
767 1417 831 1471 101.
845 1417 910 1474 145.

614 2073 701 2178 ill.
747 2069 1066 2180 NOTITIA
1108 2071 1211 2180 DE
1252 2071 1605 2182 SERVITIO

765 2238 1452 2351 MONASTERIORUM.

268 2455 294 2493 a
1065 2415 1142 2494 an.

408 2589 507 2667 ‚dado
527 2603 726 2689 Sniaraqdaa
747 2607 786 2677 θ’
797 2605 871 2682 843)
891 2606 925 2667 in
943 2606 1094 2688 mapabtm'
1108 2606 1165 2668 sai
1174 2604 1344 2669 Benedicti
1357 2605 1482 2668 abbania
1495 2605 1690 2669 Araum‘emab
1708 2608 1743 2680 (†
1756 2607 1833 2683 821)
1853 2607 1918 2670 vata

307 2715 463 2800 capa'te54
481 2709 659 2791 (Maba'llmt,
679 2709 751 2773 AA.
776 2709 834 2774 SS.
856 2709 924 2773 ord.
946 2709 1064 2775 Bcnad.
1076 2713 1098 2774 Ι
1103 2711 1137 2792 V,
1156 2715 1182 2776 l.
1204 2735 1240 2797 p.
1255 2714 1329 2791 214)
1349 2723 1464 2774 narrat
1483 2711 1579 2775 llaec:

460 2813 599 2878 Cernens
629 2831 757 2895 quoque
785 2811 1002 2890 (Benedictus)
1035 2814 1206 2878 nonnullos
1232 2815 1306 2877 totis
1331 2812 1457 2878 nisibus
1488 2813 1634 2877 anhelare
1661 2815 1694 2876 in
1723 2814 1918 2898 adquirenda

410 2916 638 2981 monachorum
659 2912 811 2977 coenobia
832 2933 933 2997 eaque
952 2934 1015 2978 non
1037 2921 1161 2978 tantum
1181 2914 1329 2999 precibus
1357 2923 1393 2979 ut
1414 2914 1590 2992 obtineant,
1619 2934 1730 2978 rerum
1751 2918 1845 2980 etiam
1867 2918 1920 2980 de·

409 3027 528 3083 certare
551 3015 738 3080 muneribus
749 3017 881 3100 suisque
901 3016 1015 3081 usibus
1027 3018 1182 3101 stipendia
1194 3018 1422 3082 monachorum
1434 3017 1584 3101 expendi,
1606 3037 1643 3080 ac
1664 3036 1720 3100 per
1738 3018 1796 3081 hoc
1816 3019 1919 3082 diruta

408 3120 580 3200 nonnulla,
607 3119 669 3182 alia
691 3137 765 3182 vero
786 3118 905 3202 fugatis
925 3120 1088 3182 monachis
1109 3140 1128 3182 a
1149 3120 1363 3184 saecularibus
1385 3119 1520 3184 obtineri
1541 3119 1679 3198 clericiS,
1706 3120 1784 3183 adiit
1802 3121 1860 3183 hac
1881 3122 1920 3185 dc

409 3242 506 3287 causa
527 3222 706 3305 piissimum
728 3221 948 3304 imperatorem
969 3221 1178 3305 precibusque
1205 3221 1322 3306 pulsat,
1349 3228 1385 3286 ut
1409 3221 1448 3285 ab
1472 3222 1693 3286 huiuscemodi
1713 3225 1921 3287 contentioni·

409 3325 471 3389 bus
492 3324 639 3401 clericos,
660 3324 833 3386 monachos
855 3343 943 3400 vero,
964 3324 1106 3388 redderet
1117 3323 1157 3386 ab
1175 3324 1234 3387 hoc
1246 3324 1385 3409 periculo
1398 3332 1547 3388 extorres.
1589 3324 1773 3389 Adsensum
1795 3325 1921 3409 praebet

408 3425 657 3511 gloriosissimus
677 3425 862 3508 imperatam
891 3428 1082 3490 monasteria
1109 3427 1142 3489 in
1170 3445 1267 3512 regno
1294 3448 1353 3492 suo
1380 3435 1493 3492 cuncta
1521 3434 1719 3510 praenotata,
1748 3425 1921 3510 inquibus

411 3549 451 3594 ex
472 3529 522 3592 his
542 3527 702 3612 regulares
723 3526 852 3592 abbates
877 3548 947 3592 esso
973 3536 1092 3612 queant
1123 3529 1277 3605 decernit,
1303 3550 1340 3593 ac
1360 3549 1417 3614 per
1443 3530 1648 3611 scripturam,
1676 3537 1712 3593 ut
1732 3531 1921 3593 inconcussa

411 3632 499 3695 omni
521 3635 670 3693 maneant
690 3636 844 3711 tempore,
869 3626 996 3690 firmare
1016 3628 1173 3710 praecepit
1193 3646 1317 3710 suoque
1334 3628 1430 3691 anulo
1441 3629 1594 3711 signavit:
1617 3632 1726 3715 sicque
1747 3630 1920 3695 multorum

410 3732 628 3818 cupiditatem,
650 3730 881 3794 monachorum
902 3728 1110 3792 nihilominus
1132 3747 1279 3812 pavorem
1299 3731 1437 3793 extersit.

460 3834 560 3899 Erant
579 3835 674 3898 etiarn
698 3832 853 3917 quaedam
876 3851 915 3894 ex
937 3832 983 3894 eis
1000 3849 1134 3894 munera
1145 3830 1355 3914 militiamque
1365 3839 1563 3910 exercentem
1583 3840 1774 3918 quapropter
1792 3833 1830 3898 ad
1853 3841 1921 3898 tan·

410 3945 473 4002 tam
496 3938 689 4001 devenerant
713 3939 945 4019 paupertatem,
964 3938 1001 3996 ut
1021 3932 1171 3997 alimenta
1192 3933 1443 4018 vestimentaque
1463 3934 1608 4000 deessent
1619 3937 1790 4001 monachis.
1833 3935 1922 4013 Quae

412 4039 616 4104 considerans
637 4037 818 4121 suggerenti
842 4035 980 4119 praefato
999 4036 1067 4098 viro
1089 4034 1286 4112 (Benedicta)
1313 4037 1478 4119 piissimus
1500 4057 1557 4102 rex
1580 4039 1672 4101 iuxta
1692 4058 1784 4122 posse
1804 4040 1922 4103 servire

412 4143 584 4226 praecepit,
605 4142 648 4204 ita
669 4147 706 4203 ut
724 4138 805 4202 nihil
820 4135 888 4201 Deo
909 4136 1137 4201 famulantibus
1158 4137 1280 4202 deesset
1301 4158 1337 4201 ao
1358 4157 1413 4223 per
1434 4139 1493 4203 hoc
1513 4139 1632 4204 alacres
1654 4160 1710 4224 pro
1731 4160 1768 4204 eo
1789 4142 1922 4225 eiusque

413 4244 499 4329 prole
523 4245 685 4327 totiusque
704 4241 793 4324 regni
814 4246 900 4303 statu
919 4241 1099 4324 piissimum
1120 4245 1322 4323 precarentur
1342 4238 1530 4305 Dominum.

411 4347 527 4410 Prima
548 4346 727 4410 conastitatnb
750 4342 789 4407 de
808 4343 976 4406 abbatibus
995 4341 1196 4428 reyalombna
1216 4342 1368 4429 dipendio
1388 4345 1512 4408 aninmo
1527 4345 1664 4430 perticae
1683 4345 1821 4425 videbar,
1842 4369 1922 4410 com

310 4463 501 4516 inmoratur
527 4462 631 4513 antem
659 4450 694 4512 in
722 4445 901 4531 capitulari
923 4445 970 4509 ad
993 4445 1120 4510 ordines
1147 4444 1374 4509 eccleaabanboa
1402 4447 1515 4510 enatam
1544 4447 1647 4530 capite
1672 4448 1780 4531 quinto
1809 4452 1923 4532 (acapna

272 4577 382 4640 aopaq.
397 4554 479 4629 276.)
520 4551 633 4615 Altera
653 4551 832 4614 amantum>
856 4548 894 4612 de
914 4548 1174 4612 monaatm‘mnm
1194 4548 1334 4611 acam‘tiaa
1349 4549 1422 4612 item
1442 4547 1568 4633 pardem
1588 4550 1695 4635 e'prwta
1715 4561 1778 4628 eat,·
1797 4563 1924 4614 ammata

311 4669 415 4720 tamen
437 4667 485 4719 eat
499 4655 614 4718 notitia
633 4651 802 4738 qrtaedam,
834 4675 928 4736 quom
950 4648 1139 4714 Sti-mdes
1159 4648 1317 4728 (Conm'la'a
1340 4649 1528 4731 Galle'ueII,
1549 4674 1585 4734 p.
1599 4653 1668 4727 685)
1693 4652 1799 4736 prame
1824 4651 1925 4716 adtite't

312 4755 454 4822 ecoda'oe
475 4755 611 4842 maedam
637 4755 824 4818 mormoteml'
841 4752 874 4817 S.
896 4751 1030 4838 Aepidiz'
1054 4751 1088 4813 in
1114 4749 1312 4835 Septr'nitam'a
1340 4775 1472 4837 eamque
1498 4753 1588 4835 alifia
1616 4754 1793 4838 repetamus.
1835 4754 1926 4818 Haec

314 4859 433 4925 codicia
455 4859 667 4944 Septimamba‘
681 4857 795 4920 notitia
819 4855 978 4938 deam'pata
998 4852 1123 4916 miletam
1142 4876 1181 4916 aa
1203 4852 1387 4939 archetypo,
1408 4855 1462 4917 nti
1478 4855 1544 4917 eam
1564 4855 1606 4918 ab
1626 4855 1703 4919 aba
1723 4868 1817 4920 antea
1836 4868 1923 4920 nota·

315 4975 379 5026 nam
398 4973 454 5042 eat,
474 4963 509 5024 in
530 4983 590 5046 qao
609 4959 870 5023 nconaatembtnm
891 4967 1139 5018 enunieretoram
1151 4955 1236 5035 finio
1256 4957 1376 5018 eratin
1396 4958 1585 5021 mandatorio
1604 4956 1923 5023 ll'eabsenbrunnmm'.

276 5083 303 5124 aa
319 5063 412 5144 Quod
429 5086 492 5129 non
512 5062 587 5127 abacta
607 5072 729 5124 tantam
752 5058 866 5145 collept'
876 5068 994 5142 potest,
1025 5055 1111 5140 qnod
1134 5057 1168 5119 in
1190 5057 1299 5140 promo
1325 5069 1354 5120 ct
1379 5056 1516 5122 secundo
1536 5060 1794 5123 monastmbmm
1815 5060 1925 5125 ordene

319 5168 511 5232 mona-stema
528 5164 739 5250 Aquitanica,
767 5161 998 5246 Sepn'anana’ca,
1032 5157 1202 5239 Toto-sana,
1232 5158 1418 5222 llbacom'ca
1438 5159 1565 5241 desunt,
1591 5160 1650 5224 aed
1673 5184 1707 5225 eo
1721 5164 1923 5247 ponamlnam

313 5269 486 5353 probator,
514 5265 600 5352 quod
622 5264 815 5329 monasten'a
845 5261 990 5339 Gallaba,
1017 5258 1104 5322 altra
1128 5259 1271 5324 Rbeatam
1297 5273 1328 5325 et
1354 5263 1386 5325 a‘n
1409 5261 1553 5325 Bavan’a
1583 5264 1647 5326 m'ta
1672 5287 1753 5349 quae
1778 5266 1925 5330 sistartia

318 5370 429 5436 ordene
456 5380 682 5435 momorantur
705 5389 870 5430 numerum-
897 5361 1065 5427 octodecim
1092 5361 1250 5445 affimant,
1276 5365 1335 5448 qai
1356 5365 1391 5427 a‘n
1412 5365 1501 5428 tertii
1516 5367 1777 5430 monaster-abram
1802 5366 1926 5431 ordonio

316 5472 525 5558 dampnent
545 5469 668 5555 bqqt‘tur.
710 5467 972 5532 Mmmtmoram
999 5465 1097 5550 a'pitw
1124 5465 1253 5528 nmnma
1279 5467 1313 5528 in
1341 5464 1453 5529 Gallia
1478 5489 1589 5530 verm
1613 5467 1774 5533 meabilem
1792 5471 1923 5534 ortorum

279 5586 428 5659 apaetea
453 5571 577 5638 danum
599 5570 714 5635 addita
733 5568 894 5648 metentur,
910 5565 1051 5648 fortasse
1071 5565 1111 5627 ab
1131 5566 1202 5650 t'pm
1214 5565 1334 5630 codebair
1343 5566 1520 5654 &Acyt'dt‘i
1534 5569 1705 5654 acn'ptme:
1724 5593 1799 5634 nam
1819 5572 1923 5655 ipsum

317 5672 352 5741 Β.
375 5673 512 5765 Aequitai
526 5673 750 5739 monasteriem
771 5671 914 5758 paninum
935 5667 1036 5732 dicam
1055 5667 1137 5730 anter
1156 5665 1372 5752 Septabzanme
1389 5671 1583 5735 monasteria
1600 5672 1723 5737 abanet.

354 5804 360 5808 ·
374 5790 421 5837 aa.
435 5790 621 5835 mmmmm
638 5791 655 5834 a
1671 5773 1705 5828 45
