4380 6248
308 376 369 444 430
873 380 1046 436 ANSEGISI
1067 379 1362 438 CAPITULARIUM

264 531 271 639 Ι
408 559 456 623 42.
496 556 546 619 De
571 575 634 619 noo
661 555 797 618 iurando
816 576 877 636 per
901 556 998 620 ‘odam
1025 555 1114 635 repis.
1157 555 1200 620 Ut
1224 556 1333 620 nullus
1358 562 1540 640 praesumat
1564 575 1620 639 per
1648 557 1746 619 vitam
1776 556 1861 639 regis
1891 562 1925 620 et

266 648 271 751 i
308 660 447 724 filiorum
472 661 541 723 eius
561 661 674 723 iurare.

268 754 274 779 ¹
413 763 461 826 43.
503 761 552 824 De
571 781 604 824 eo
624 760 681 840 qui
694 781 757 840 per
776 764 897 823 sermm
924 760 1082 841 inponens
1109 763 1169 836 est,
1197 759 1226 822 si
1245 760 1289 823 55
1311 760 1473 823 servitium
1494 756 1710 838 interpellatus
1734 758 1845 839 suad.
1887 759 1925 824 Si

310 865 382 947 quis
400 883 457 948 per
477 869 595 927 cartam
616 865 776 947 ingenuus
793 864 949 928 dimissus
968 863 1064 927 fuerit
1085 870 1116 927 et
1136 884 1155 926 a
1177 862 1317 946 quolibet
1344 863 1471 927 homine
1494 863 1533 926 55
1555 863 1719 926 servitium
1741 862 1924 947 interpella·

308 973 361 1030 tus
379 966 487 1041 luerit,
515 967 655 1049 primum
676 964 852 1049 legitimum
875 971 1036 1029 auctorem
1058 983 1135 1029 suae
1154 964 1306 1029 libertatis
1334 965 1469 1049 proferat
1496 971 1528 1029 et
1548 966 1583 1027 in
1603 984 1663 1028 sua
1683 963 1829 1028 libertate
1849 984 1921 1049 per·
1953 991 1968 1030 s

308 1075 436 1132 sereret
482 1067 514 1132 Si
545 1087 619 1131 vero
646 1068 806 1151 legitimus
834 1074 944 1131 auctor
969 1067 1120 1146 defuerit,
1151 1068 1330 1131 testimonio
1356 1067 1513 1145 bonorum
1541 1067 1725 1143 hominum,
1755 1068 1812 1150 qui
1841 1072 1922 1130 tune

308 1171 438 1234 aderant
458 1169 585 1253 quando
607 1169 687 1233 liber
711 1170 861 1233 dimissus
881 1170 999 1247 fuerat,
1020 1169 1231 1234 sedelendere
1241 1170 1448 1252 permittatur.
1491 1168 1612 1233 Slvere
1633 1176 1729 1233 testas
1749 1168 1923 1248 defuerint,

308 1292 382 1336 oum
403 1272 528 1336 duabus
549 1272 619 1336 aliis
640 1273 754 1353 cartis,
776 1291 856 1355 quae
867 1271 1010 1335 eiusdem
1021 1271 1200 1335 cancellarii
1211 1291 1310 1334 manu
1322 1269 1464 1334 firmatae
1486 1272 1550 1335 siut
1568 1270 1619 1336 rel
1638 1271 1789 1350 scriquae,
1812 1269 1921 1332 maus·

308 1394 439 1454 utruque
468 1373 605 1454 fuerint,
646 1394 737 1437 suam
769 1379 887 1437 cartam
921 1393 1003 1456 quae
1033 1375 1126 1437 tertia
1161 1379 1209 1437 est
1242 1392 1348 1437 veram
1379 1379 1410 1436 et
1440 1372 1613 1456 legitimam
1645 1392 1715 1438 esse
1747 1372 1923 1438 confirmet

309 1450 524 1541 Cancellarids
541 1483 646 1539 tamen
668 1475 739 1539 talis
760 1495 829 1540 esse
850 1475 956 1554 debet,
979 1476 1033 1558 qui
1056 1474 1248 1560 pagensibus
1268 1474 1328 1537 loci
1349 1472 1436 1537 illius
1459 1481 1554 1538 notus
1574 1474 1687 1538 fuisset
1707 1481 1739 1538 et
1760 1481 1919 1558 aoceptus
1937 1499 1963 1538 5

308 1579 341 1644 Si
364 1584 469 1643 autem
500 1580 555 1662 qui
584 1578 801 1662 interpellatus
821 1578 917 1642 frierit
947 1578 986 1641 ad
1015 1577 1181 1641 servitium
1208 1596 1265 1640 nec
1290 1581 1451 1640 sanctorem
1477 1595 1535 1640 noc
1562 1578 1743 1640 testimonia
1763 1575 1922 1655 habuerit,

308 1701 413 1764 neque
433 1681 510 1743 alias
532 1681 612 1744 duas
632 1688 734 1743 canas
761 1680 800 1743 ad
828 1700 920 1744 stram
948 1685 1066 1743 cartam
1093 1678 1343 1743 confirmandam
1370 1679 1514 1743 invenire
1540 1680 1691 1761 potuerit,
1718 1686 1796 1742 tunc
1815 1680 1843 1743 is
1865 1681 1921 1762 qui

308 1803 381 1847 eum
406 1783 617 1866 interpellarit
643 1782 819 1846 secundum
850 1781 950 1866 legem
979 1784 1081 1866 ipsam
1107 1787 1225 1845 cartam
1250 1780 1362 1844 falsam
1389 1780 1505 1845 alliciat
1532 1787 1563 1844 et
1589 1800 1716 1845 servum
1741 1783 1919 1863 conquirat

308 1885 341 1950 Si
362 1905 435 1949 vero
456 1884 670 1969 interpellator
697 1890 824 1948 attolere
851 1891 906 1948 aut
933 1885 1121 1948 testimoniis
1149 1889 1205 1947 out
1225 1889 1383 1947 cartarum
1405 1882 1583 1947 conlatione
1612 1884 1716 1946 victus
1742 1882 1855 1956 luerit,
1884 1902 1923 1944 er

309 1989 367 2051 hoo
388 1987 473 2071 quod
494 1987 593 2050 voluit
613 1985 735 2050 efficere
756 1992 786 2050 et
806 2006 870 2049 non
890 1988 1035 2070 potuerit,
1056 1985 1190 2049 multam
1211 2005 1294 2069 quaa
1313 1987 1347 2049 in
1368 1986 1438 2070 ipsa
1454 1986 1661 2069 ingenuitatis
1680 1991 1767 2048 carta
1777 1986 1922 2048 contine·
1937 2006 1963 2047 n

307 2096 360 2154 tur
382 2096 512 2172 cogatur
533 2089 704 2153 exsolvere.

407 2194 455 2256 44.
496 2188 547 2253 De
567 2210 652 2253 servo
666 2190 723 2270 qui
735 2188 1050 2269 wmrrcrmqaodlibet
1067 2191 1234 2269 perpetrat.
1276 2189 1405 2254 Nemini
1416 2190 1508 2253 liceat
1528 2208 1657 2254 servum
1680 2209 1778 2253 suum
1793 2196 1922 2273 propter

307 2295 460 2357 damnum
482 2294 521 2356 ab
542 2293 596 2356 illo
623 2292 753 2357 cuilibet
778 2293 912 2356 inlatum
938 2293 1113 2367 dimittere,
1141 2292 1195 2356 sed
1221 2293 1311 2355 iuxta
1337 2292 1520 2375 qualitatem
1549 2292 1659 2354 damni
1684 2291 1836 2355 dominus
1864 2311 1921 2375 pro

306 2397 360 2461 illo
380 2396 567 2480 respondeat
594 2395 645 2459 vel
666 2414 740 2459 eum
768 2397 801 2457 in
828 2396 1088 2478 compositionem
1118 2394 1238 2457 autad
1268 2414 1402 2478 poenam
1431 2395 1572 2478 petitoris
1592 2393 1707 2458 offerat
1750 2393 1784 2458 Si
1811 2402 1920 2457 autem

308 2518 419 2563 servus
440 2503 614 2581 perpetrato
638 2497 754 2561 scelere
773 2497 904 2580 fugerit,
932 2499 976 2559 ita
1005 2503 1079 2559 uta
1106 2497 1234 2560 domino
1260 2499 1388 2581 penitus
1414 2497 1552 2561 inveniri
1580 2516 1646 2560 nou
1673 2498 1787 2579 possit,
1815 2516 1920 2560 sacra
1933 2524 1961 2562 so

308 2608 414 2664 mento
438 2619 472 2663 se
501 2600 650 2663 dominus
677 2601 746 2663 eius
773 2618 926 2663 excusare
954 2599 1089 2675 studeat,
1119 2599 1203 2681 quod
1231 2600 1290 2662 hoc
1313 2618 1391 2663 snae
1420 2600 1592 2662 voluntatis
1621 2617 1680 2662 neo
1706 2600 1921 2663 conscientiae

307 2702 428 2771 luisset.
450 2701 535 2784 quod
556 2720 667 2765 servus
688 2702 757 2764 eius
778 2701 840 2764 tale
860 2701 984 2764 lacinus
1007 2703 1173 2765 commisit

406 2806 455 2868 45
497 2800 548 2865 De
564 2803 759 2864 protractione
778 2801 950 2865 secandum
969 2801 1063 2882 lepem
1079 2802 1123 2864 55
1143 2801 1283 2866 aradam.
1326 2804 1358 2868 si
1384 2805 1456 2887 quis
1478 2804 1517 2866 ad
1530 2803 1662 2867 mallum
1681 2803 1807 2887 legibus
1828 2823 1920 2866 mau-

307 2908 394 2969 nitus
414 2906 510 2968 luerit
530 2913 563 2969 et
582 2925 645 2968 non
668 2907 802 2981 venerit,
831 2906 857 2968 si
879 2924 954 2968 eum
979 2906 1092 2968 sunnis
1112 2925 1175 2968 non
1197 2907 1386 2986 detenuerit,
1412 2906 1598 2990 quindecim
1619 2906 1729 2969 solidis
1749 2903 1920 2988 culpabilis

306 3007 478 3083 iudicetur,
509 3008 554 3069 sio
584 3007 621 3068 ad
652 3007 828 3070 secundum
856 3014 887 3070 et
914 3008 1051 3070 tertium.
1105 3006 1139 3071 Si
1166 3015 1273 3071 autem
1301 3009 1340 3072 55
1369 3015 1518 3092 quartum
1546 3009 1656 3072 venire
1681 3009 1960 3091 contempseritis

306 3110 462 3193 possessio
484 3109 552 3172 eius
572 3110 606 3171 in
627 3107 769 3171 bannum
789 3110 948 3186 mittatur,
976 3109 1076 3172 donec
1096 3111 1204 3173 veniat
1223 3115 1254 3173 et
1275 3111 1314 3174 de
1333 3130 1368 3174 re
1389 3131 1452 3193 qua
1472 3111 1690 3194 interpellatus
1712 3110 1809 3174 fuerit
1829 3112 1921 3174 iusti·

306 3213 381 3274 tiam
403 3212 503 3274 faciat.
547 3210 579 3274 Si
600 3212 683 3274 intra
704 3231 825 3274 annum
849 3231 913 3274 non
934 3214 1072 3291 venerit,
1098 3212 1137 3275 de
1151 3211 1248 3276 rebus
1265 3214 1334 3277 eius
1356 3231 1437 3296 quae
1457 3215 1490 3276 in
1510 3212 1616 3277 banno
1637 3215 1752 3277 missae
1773 3220 1851 3277 sunt
1864 3233 1920 3277 rex

307 3316 529 3394 interrogetur,
557 3323 587 3376 et
615 3314 768 3396 quioquid
789 3314 862 3377 inde
891 3313 1078 3377 iudicaverit
1105 3314 1166 3378 fiat
1208 3313 1316 3377 Prima
1343 3316 1497 3378 mannitio
1527 3333 1624 3399 super
1649 3322 1758 3378 noctes
1788 3321 1920 3399 septem,

307 3417 445 3480 secunda
468 3434 563 3499 super
584 3422 690 3478 noctes
712 3416 967 3498 quatuordecim,
994 3418 1084 3480 tertio
1106 3436 1202 3501 super
1222 3423 1330 3480 noctes
1348 3419 1461 3501 viginti
1480 3423 1512 3481 et
1538 3437 1655 3496 unam,
1681 3426 1793 3500 quarta
1823 3436 1921 3501 super

307 3519 515 3601 quadraginta
535 3527 566 3580 et
587 3518 675 3580 duas.
718 3518 868 3581 Similiter
889 3526 920 3581 et
941 3518 979 3581 de
993 3517 1308 3599 beneficiohominis,
1330 3521 1357 3583 si
1378 3520 1457 3584 forte
1477 3538 1528 3583 res
1549 3521 1691 3603 proprias
1712 3539 1777 3583 non
1799 3519 1958 3584 habuc-so

306 3622 362 3698 rit,
383 3622 526 3683 mittatur
548 3621 580 3682 in
602 3620 748 3683 bannum
770 3639 873 3702 usque
895 3639 952 3682 rex
973 3623 1190 3704 interrogetur.

406 3725 454 3787 46.
497 3719 547 3784 De
573 3725 698 3784 auctore
733 3721 787 3783 rei.
838 3720 871 3785 Si
902 3728 1011 3786 auctor
1048 3724 1170 3786 venerit
1200 3728 1231 3787 et
1262 3742 1329 3787 rem
1359 3725 1549 3787 intertiatam
1581 3724 1719 3807 recipere
1746 3726 1920 3797 rennuerit,

307 3844 416 3908 campo
438 3824 487 3887 rel
509 3843 602 3888 cruce
623 3824 823 3888 contendant.

406 3929 453 3992 47.
495 3923 545 3988 De
563 3925 740 3989 bominibus
762 3925 806 3988 ad
823 3928 949 3989 mortem
974 3925 1159 3988 diiudicatis
1184 3930 1214 3989 et
1235 3930 1340 4006 posteo
1366 3927 1410 3990 eis
1430 3928 1496 3989 vita
1516 3946 1673 4003 mrrcessa,
1702 3927 1730 3989 si
1752 3927 1910 3990 iustitiam

305 4028 506 4107 qrmesieriot.
548 4026 595 4092 De
616 4029 679 4092 illis
699 4028 899 4108 hominibus,
926 4031 982 4112 qui
1003 4035 1128 4113 propter
1146 4048 1256 4094 eorum
1270 4030 1380 4114 culpas
1396 4030 1434 4094 ad
1456 4037 1590 4094 mortem
1610 4029 1775 4094 diiudicati
1796 4031 1915 4094 fuerint
1928 4055 1954 4096 a

306 4140 337 4194 et
355 4136 463 4214 postea
483 4132 529 4194 eis
550 4133 615 4194 vita
636 4132 731 4195 luerit
751 4150 917 4208 concessa,
939 4132 965 4194 si
986 4132 1045 4215 ipsi
1067 4133 1220 4195 iustitiam
1241 4131 1281 4196 ab
1303 4132 1374 4196 aliis
1394 4134 1598 4216 requisierint
1618 4138 1673 4196 aut
1694 4131 1734 4195 ab
1756 4134 1804 4197 eis
1826 4134 1915 4196 iusti·

305 4234 382 4296 tiam
404 4252 555 4315 quaerere
583 4234 753 4311 voluerint,
782 4233 917 4315 qualiter
936 4234 1018 4297 inter
1044 4233 1115 4297 illos
1140 4234 1296 4297 iudicium
1323 4236 1518 4303 terminetur.
1561 4234 1668 4298 Primo
1700 4237 1849 4298 omnium
1879 4235 1917 4298 de

305 4334 368 4398 illis
389 4337 494 4398 causis
520 4355 577 4418 pro
607 4335 725 4418 quibus
748 4335 907 4398 iudicatus
936 4335 1031 4398 fuerit
1058 4336 1096 4398 55
1122 4343 1256 4400 mortem
1281 4337 1402 4400 nullam
1431 4343 1532 4420 potest
1556 4337 1657 4400 lacere
1683 4338 1913 4421 repetitionem,

306 4439 381 4521 quia
402 4456 513 4500 omnes
536 4457 587 4501 res
608 4457 684 4501 suae
705 4439 881 4501 secuudum
902 4439 1056 4501 iudicium
1080 4437 1273 4503 Francorum
1302 4441 1336 4503 in
1358 4439 1484 4523 publico
1505 4440 1635 4504 luerunt
1660 4446 1835 4503 revocatae
1875 4439 1914 4502 Et

306 4541 332 4603 si
353 4539 473 4622 aliquid
494 4541 527 4603 in
548 4540 764 4623 postmodum,
787 4549 955 4624 postquam
976 4542 1004 4605 ei
1023 4542 1087 4604 vita
1098 4560 1247 4604 concessa
1268 4548 1328 4619 est,
1349 4561 1424 4605 oum
1443 4543 1565 4605 iustitia
1581 4541 1750 4625 adquirere
1770 4543 1950 4625 potueritis

304 4643 337 4704 in
360 4662 418 4705 sua
439 4641 580 4705 libertate
602 4648 705 4705 teneat
727 4649 758 4706 et
787 4642 933 4706 defendat
962 4643 1137 4706 seeundum
1165 4642 1275 4726 legem.
1326 4643 1363 4707 15
1391 4645 1608 4708 testimonium
1637 4663 1702 4708 non
1722 4646 1915 4728 suscipiatur

305 4764 362 4807 nec
382 4745 466 4807 inter
487 4743 644 4807 scabinios
666 4744 704 4806 ad
726 4744 829 4828 legem
849 4745 1051 4808 iudicandam
1068 4747 1218 4807 teneatur.
1260 4744 1347 4810 Etsi
1368 4746 1407 4810 ad
1429 4754 1664 4811 sacramentum
1686 4746 1809 4831 aliquid
1831 4745 1913 4811 iudi·

305 4855 409 4909 sanun
431 4845 526 4908 luerit
547 4846 631 4928 5555
653 4848 758 4910 iurare
779 4846 906 4927 debeat,
936 4849 963 4911 si
984 4847 1100 4930 aliquis
1121 4849 1225 4931 ipsum
1249 4856 1481 4912 sacramentum
1506 4848 1623 4912 falsum
1644 4848 1749 4913 dicere
1770 4849 1915 4927 voluerit,

303 4946 475 5009 cortternlot.

403 5052 450 5115 48.
491 5046 542 5111 De
562 5048 685 5112 bosniae
701 5050 754 5112 cici
770 5053 840 5129 post
867 5048 1021 5112 loadiciam
1045 5051 1110 5112 vita
1129 5069 1271 5114 carcesm
1295 5055 1356 5130 est,
1382 5051 1411 5115 si
1439 5052 1595 5115 rinadium
1620 5051 1752 5117 reddere
1770 5053 1951 5118 nolueritis

305 5149 336 5212 Si
358 5150 453 5213 relicui
474 5159 544 5235 post
565 5152 720 5215 iudicium
741 5151 955 5215 scabiniorum
976 5152 1071 5217 fuerit
1098 5154 1163 5217 vita
1189 5173 1355 5235 concessa,
1382 5160 1414 5219 et
1439 5156 1505 5239 ipse
1527 5156 1562 5218 iu
1581 5155 1785 5239 postmodum
1807 5157 1915 5241 aliqua

304 5251 386 5314 mala
408 5255 631 5336 perpetraverit
653 5260 684 5318 et
704 5255 857 5318 iustitiam
879 5254 1008 5318 reddere
1028 5255 1177 5337 noluerit,
1199 5257 1331 5321 dicendo
1344 5258 1430 5341 quod
1451 5263 1597 5322 mortuus
1619 5259 1660 5322 sit
1680 5266 1712 5323 et
1732 5258 1804 5323 ideo
1824 5261 1914 5323 iusti·

305 5354 381 5416 tiam
403 5353 532 5417 reddere
553 5374 617 5418 non
639 5354 763 5434 debeat,
784 5362 938 5419 statutum
954 5364 1002 5420 est
1023 5364 1060 5420 ut
1080 5360 1228 5442 superius
1247 5360 1403 5423 indicium
1424 5361 1578 5424 sustineat
1597 5361 1683 5445 quod
1704 5367 1800 5426 antea
1819 5363 1914 5426 susti·

305 5473 380 5519 nere
401 5453 518 5519 debuit
558 5455 599 5519 Et
621 5458 648 5521 si
669 5457 786 5540 aliquis
796 5457 949 5522 adversus
971 5476 1045 5522 eum
1066 5456 1178 5540 uliqw
1197 5459 1418 5542 malefecerit,
1439 5462 1618 5527 secundum
1638 5465 1809 5548 aequitatis
1829 5465 1913 5530 ordi·

304 5576 378 5620 nem
406 5557 564 5621 licentiam
590 5557 703 5623 babeat
729 5578 820 5623 suam
858 5560 1010 5625 iustitiam
1039 5562 1222 5645 requirendi
1254 5562 1293 5627 de
1321 5565 1427 5629 causis
1454 5565 1640 5648 perpetratis
1671 5572 1843 5653 postquam
1871 5568 1950 5633 adn

303 5665 436 5722 mortem
457 5658 648 5724 diiudicatus
668 5668 729 5724 est:
752 5660 791 5725 de
810 5663 986 5745 praeteritis
1006 5670 1149 5745 maneat,
1170 5665 1253 5729 siout
1273 5684 1371 5750 snpra
1389 5664 1599 5731 diiudicatum
1616 5665 1688 5731 fuit
