4380 6248
846 389 923 444 VEL
943 387 1168 444 HLOTHARIO
1189 386 1411 442 ansellum
1878 385 1938 449 337

430 569 471 630 tu.
513 563 598 628 Res9
619 564 743 648 litigosa
763 564 969 628 nullathenus
989 570 1091 647 potest
1109 563 1183 627 dara
1205 582 1310 647 neque
1332 563 1481 637 vendere,
1502 569 1673 647 antequam
1695 563 1861 648 elitigetur.

426 807 471 868 ll.
513 801 716 887 Quicumque
736 805 829 866 homo
851 803 941 866 alteri
954 802 1094 866 debitor‘
1112 802 1222 883 merit,
1243 805 1349 886 ipsum
1361 802 1466 866 debito
1488 821 1603 885 negare
1625 803 1760 866 voluerit
1779 813 1809 868 et
1831 811 1939 888 pastea

324 908 489 969 convictus
508 906 617 982 fuerit,
638 908 743 990 ipsum
766 905 908 969 debitum
930 907 962 969 iu
988 904 1123 969 dublum
1144 904 1317 988 persolvad.

427 1148 472 1210 12.
515 1145 666 1209 Similiter
686 1153 716 1209 et
740 1145 794 1208 ille
814 1145 909 1208 homo
930 1146 986 1228 qui
1008 1164 1059 1208 res
1085 1145 1262 1208 vendiderit
1288 1153 1319 1208 et
1345 1145 1461 1209 exinde
1489 1153 1607 1208 cartam
1634 1145 1754 1223 feeerit,
1780 1147 1937 1208 siminus

298 1249 443 1312 adederit
464 1268 560 1331 quam
580 1250 649 1332 ipsa
669 1255 755 1311 carta
775 1249 928 1331 seriptum
948 1247 1058 1325 fuerit,
1079 1249 1113 1309 in
1135 1246 1232 1311 dublo
1255 1249 1284 1310 ei
1307 1249 1361 1331 qui
1382 1250 1535 1331 acceperit
1555 1249 1716 1311 restituad.

427 1490 472 1553 13.
516 1487 547 1552 Si
569 1487 692 1551 deuna
721 1507 818 1552 causa
844 1488 951 1572 plures
977 1486 1163 1552 fideiuaores
1182 1487 1246 1551 dati
1267 1488 1386 1550 luerint
1405 1495 1436 1550 et
1459 1507 1529 1550 unu
1552 1505 1592 1549 ex
1615 1488 1692 1567 ipsis
1713 1485 1939 1551 fideiusoribus

324 1592 441 1655 mortui
460 1591 593 1671 fuerint,
621 1597 658 1654 ut
677 1590 808 1673 proinde
836 1609 967 1654 eausam
988 1611 1080 1654 suam
1102 1609 1167 1654 non
1188 1590 1312 1674 perdat,
1342 1597 1390 1653 set
1409 1608 1465 1672 pro
1493 1609 1530 1652 eo
1559 1588 1673 1672 quide
1694 1588 1738 1652 illi
1761 1589 1940 1653 fideiusori·

323 1693 384 1757 bus
406 1695 462 1777 qui
482 1694 547 1757 vivi
568 1698 646 1757 suut
668 1691 811 1755 solvant⁸
832 1691 918 1776 quod
937 1694 1111 1775 promisith

422 1949 447 2019 s)
468 1949 596 2004 debitae.
658 1947 688 2020 g)
705 1949 827 2003 solvatur
836 1967 860 2002 c.
921 1948 951 2019 h)
972 1949 1087 2020 promisi
1096 1967 1120 2002 c.

284 2229 310 2268 10
424 2201 454 2269 9)
475 2201 553 2254 Hace
569 2201 691 2273 capitula
706 2201 833 2256 10-13
851 2221 868 2255 a
884 2203 1066 2255 iureaomlto
1080 2203 1201 2271 quodam
1216 2209 1345 2272 rorwepta
1359 2203 1503 2270 viduatum
1528 2217 1550 2253 c.
1568 2199 1614 2256 10.
1633 2199 1674 2268 ll
1686 2201 1835 2252 samarium
1853 2200 1938 2269 hyan

321 2298 488 2352 Romrmam.
