4380 6248
880 380 1024 437 KAROLI
1047 383 1083 437 ll.
1105 380 1374 439 CAPITULARIA.
1871 377 1932 441 245

423 572 473 681 18
494 619 625 681 nomine
645 617 748 682 Patris
768 627 800 682 et
810 618 882 682 Filii
903 624 934 682 et
948 618 1084 702 Spiritus
1106 619 1214 681 sancti.
1256 616 1393 681 Karolus
1415 618 1637 680 serenissimus
1657 627 1814 702 augustus
1834 619 1931 686 aDeo

318 727 490 784 coronatus
503 718 699 784 Ghaerbaldo
720 721 865 805 episcope
887 740 962 784 cunr
983 721 1144 783 universis
1164 719 1220 783 tibi
1242 721 1456 803 omnipotente
1469 718 1536 782 Dee
1555 725 1586 782 et
1607 729 1714 783 nestra
1735 723 1931 787 ordinatione

318 824 500 886 commissis
521 825 554 887 in
576 821 713 886 Domino
734 823 878 887 salutem.

423 924 543 989 Netum
564 927 605 988 811
622 925 779 989 dilectioni
794 932 933 1003 vestrae,
954 926 1029 1007 quia
1047 945 1121 1005 nos,
1142 945 1215 988 eum
1234 923 1380 988 fidelibus
1396 925 1512 987 nestris
1534 931 1597 986 tam
1622 925 1815 1007 spiritalibus
1835 948 1932 1010 quam

282 1051 299 1090 a
319 1027 537 1091 saecularibus
558 1033 739 1105 1188188188,
759 1047 834 1091 8818
851 1045 1009 1091 consensu
1030 1035 1061 1090 et
1074 1028 1141 1109 pari
1154 1026 1285 1090 consilio
1299 1027 1481 1089 invenimus
1499 1027 1712 1089 necessarium
1728 1046 1797 1091 esse
1808 1038 1934 1112 prepter

319 1130 477 1193 instantes
498 1128 652 1213 quasdam
673 1130 875 1193 necessitates
897 1148 977 1211 quas
999 1128 1108 1192 subter
1128 1129 1336 1212 significaturi
1357 1147 1485 1203 sumna,
1506 1129 1565 1190 tria
1585 1129 1732 1192 triduana
1753 1131 1871 1193 ieiunia
1891 1131 1930 1194 ab

319 1232 473 1295 omnibus
494 1230 585 1295 nobis
604 1230 791 1314 generaliter
811 1249 880 1295 esse
899 1230 1086 1294 celebranda
1107 1239 1202 1314 atque
1215 1231 1253 1294 ab
1269 1251 1319 1311 88,
1339 1233 1372 1293 18
1395 1249 1459 1313 888
1473 1231 1626 1308 vivimus,
1647 1251 1814 1294 movemur
1834 1243 1864 1296 et
1879 1253 1933 1296 su-

320 1355 409 1411 mus,
435 1333 591 1397 auxilium
612 1353 682 1397 esse
703 1333 935 1417 quaerendum3
956 1354 975 1396 a
996 1354 1076 1417 888,
1103 1333 1254 1416 88188811
1276 1335 1358 1396 18818
1379 1352 1415 1394 ae
1444 1331 1668 1395 rationabiliter
1693 1332 1772 1396 fides
1799 1342 1936 1414 nestra²,

321 1456 395 1519 spes
420 1441 504 1499 certa
532 1453 589 1498 seu
613 1436 727 1498 8881188
756 1435 892 1518 perlecta
920 1435 1072 1518 postulat,
1112 1437 1180 1499 sine
1210 1436 1307 1498 dubio
1341 1442 1482 1518 tempore
1507 1454 1647 1517 ‹rongruo
1682 1437 1832 1518 inpetrat,
1865 1438 1933 1520 ipse

269 1558 302 1597 ιο
320 1535 460 1601 Domine
482 1537 617 1600 dicente:
646 1535 784 1599 ιΡ811181
811 1544 841 1600 81
867 1536 994 1601 dabitur
1016 1536 1118 1618 vebia,
1145 1539 1286 1621 quaerite
1307 1545 1337 1600 et
1359 1538 1541 1616 invenietis,
1568 1538 1691 1620 pulsate
1719 1546 1750 1600 et
1775 1541 1933 1622 aperietur

321 1638 415 1702 vebis
430 1637 447 1700 ³.

423 1740 497 1824 Ipsa
517 1746 622 1803 autem
650 1741 783 1816 ieiunia,
813 1741 895 1804 sicut
919 1740 1012 1805 nobis
1040 1741 1190 1805 omnibus
1219 1743 1325 1805 visum
1352 1748 1416 1813 881,
1445 1744 1502 1803 bac
1530 1741 1718 1805 discretione
1746 1762 1837 1825 pesse
1864 1743 1933 1806 fieri

321 1842 461 1907 Domine
482 1842 634 1926 largiente
654 1849 865 1926 congruenter
893 1843 1037 1927 impleta,
1065 1844 1183 1907 seilicet
1209 1850 1245 1906 ut
1271 1845 1409 1927 primum
1430 1842 1481 1905 XI
1507 1843 1618 1906 diebus
1644 1852 1715 1927 pest
1734 1844 1934 1908 festivitatem

322 1947 423 2009 sancti
437 1944 584 2008 Andreae
604 1946 784 2026 transactis,
805 1945 836 2008 id
858 1952 906 2009 est
925 1944 982 2008 lll.
1005 1945 1083 2009 Idus
1104 1954 1135 2009 et
1153 1946 1231 2009 Idus
1243 1944 1428 2008 Decembris
1449 1954 1479 2008 et
1495 1945 1613 2008 Xl'lll.
1624 1945 1781 2010 Kalendas
1794 1947 1934 2010 Ianuarii

268 2048 377 2112 181811
398 2048 520 2110 ratione
540 2046 610 2125 fiat,
640 2053 676 2110 81
702 2065 813 2111 818888
834 2068 852 2110 8
877 2049 952 2110 vino
978 2054 1010 2111 et
1035 2066 1128 2111 carue
1152 2048 1200 2111 lris
1222 2047 1270 2110 lll
1293 2046 1406 2110 diebus
1428 2046 1608 2110 abstineant
1635 2057 1665 2111 et
1695 2068 1797 2132 usque
1824 2050 1934 2113 beram

323 2170 442 2213 nouam
464 2151 621 2227 ieiunant,
642 2156 773 2232 excepto
794 2168 876 2231 8888
896 2157 952 2213 881
972 2156 1058 2213 88188
1079 2159 1135 2212 881
1155 2149 1324 2212 infirmitas
1344 2169 1410 2212 888
1425 2151 1592 2232 permittit,
1614 2152 1668 2233 qui
1691 2159 1796 2214 tamen
1818 2171 1931 2215 secuu-

323 2252 402 2315 dum
424 2272 515 2315 suam
537 2251 720 2334 qualitatem
741 2251 789 2314 vel
813 2252 894 2315 vitae
915 2270 993 2315 suae
1019 2252 1245 2334 professionem
1275 2258 1330 2314 881
1357 2251 1532 2314 rationibus
1561 2254 1636 2314 satis
1664 2259 1720 2315 aut
1748 2253 1934 2334 elymosinis

323 2355 474 2436 congruis
494 2354 526 2417 id
552 2355 659 2437 ipsum
681 2353 856 2435 secundum
878 2353 1046 2416 consilinm
1067 2355 1288 2436 magistrorum
1312 2352 1471 2416 redemere
1492 2355 1630 2422 8181881,
1656 2355 1740 2437 8881
1763 2355 1934 2418 ieiunando

323 2466 355 2520 et
375 2455 561 2519 abstinendo
582 2455 739 2538 complere
761 2474 826 2518 nen
852 2455 941 2518 valet
982 2453 1070 2518 Hora
1090 2461 1196 2519 autem
1219 2475 1303 2518 nona
1325 2474 1436 2519 omnes
1453 2456 1640 2538 generaliter
1659 2457 1697 2518 81
1719 2456 1864 2519 88188188
1887 2459 1933 2518 vi-

269 2581 305 2619 ae
323 2559 426 2635 81888,
451 2557 505 2621 ubi
532 2559 579 2621 eis
604 2557 825 2634 denuntiatur,
855 2558 968 2621 devota
996 2566 1100 2621 mente
1127 2565 1295 2621 occurrant
1323 2564 1366 2633 et,
1402 2559 1428 2621 si
1455 2578 1533 2621 aura
1561 2559 1607 2621 vel
1636 2559 1724 2622 locus
1751 2560 1935 2641 permiserit,

324 2660 453 2744 aliquob
474 2661 610 2743 spatiose
630 2659 719 2722 lecob
740 2659 855 2722 letania
876 2659 1045 2742 procedant
1065 2667 1175 2742 atque,
1196 2659 1357 2743 psallendo
1378 2660 1540 2723 ecclesiam
1565 2661 1731 2737 18888188,
1751 2681 1825 2724 eum
1848 2663 1934 2724 emm

324 2762 490 2826 devotione
517 2763 647 2825 missam
673 2762 810 2825 audiant.
860 2760 930 2837 Qua
952 2768 1091 2845 peracta,
1119 2763 1343 2845 unusquisque
1369 2762 1499 2824 demum
1527 2762 1632 2825 redeat
1657 2770 1687 2825 81
1709 2765 1833 2826 81818118
1855 2763 1934 2826 cibis

324 2866 447 2948 corpori
469 2864 654 2942 satisfaciat,
682 2884 746 2926 neu
768 2863 807 2926 ad
837 2864 1031 2927 voluntatem
1061 2864 1115 2927 881
1143 2865 1182 2927 81
1213 2864 1430 2927 necessitatem
1460 2882 1495 2925 88
1524 2863 1731 2927 sobrietatem.
1783 2864 1935 2929 Similiter

326 2985 453 3050 quoque
475 2985 642 3030 menemus
663 2984 943 3049 unumquemque,
963 2974 998 3029 ut
1019 2966 1252 3047 eelemosynam
1274 2966 1390 3029 faciant
1403 2966 1578 3028 secundum
1602 2967 1934 3049 888188811188188ο

275 3090 307 3129 aa
325 3067 525 3132 substanciae
546 3087 623 3132 suae
644 3069 821 3152 permiserit
841 3074 872 3131 et
894 3070 1009 3132 mentis
1032 3067 1303 3131 devetieDomine
1326 3069 1501 3151 inspirante
1513 3071 1654 3132 suaserit.
1696 3069 1736 3132 Et
1758 3071 1934 3151 unusquis-

326 3188 388 3252 que
408 3169 664 3253 presbytererum
692 3172 822 3234 missam
849 3176 968 3249 cantet,
989 3177 1019 3233 81
1045 3171 1175 3234 alterius
1202 3170 1323 3234 ordinis
1348 3171 1482 3234 clericus
1512 3170 1561 3233 vel
1583 3172 1758 3234 menachus
1779 3172 1846 3233 sive
1867 3169 1934 3234 Dee

326 3280 461 3350 sacrata,
489 3274 545 3356 qui
565 3273 703 3356 psalmos
724 3273 846 3351 didicit,
874 3271 921 3335 [2⁴¹
943 3272 1098 3356 psalmos‘¹
1121 3273 1266 3337 similiter
1285 3280 1395 3335 cantet.
1438 3272 1538 3356 Opem
1569 3279 1673 3335 autem
1695 3291 1732 3334 88
1753 3273 1802 3334 his
1823 3272 1935 3336 diebus

326 3392 455 3456 operare
475 3375 699 3459 permittimus,
726 3393 807 3457 8888
831 3393 890 3437 nee
911 3374 950 3437 ad
971 3374 1134 3438 ecclesiam
1157 3376 1264 3438 venire
1284 3375 1447 3458 inpediant
1474 3394 1533 3437 nec
1560 3381 1633 3437 8818
1654 3380 1803 3438 81818188]
1825 3375 1947 3439 boram-

326 3476 517 3540 maudueare
544 3483 599 3540 aut
624 3476 730 3539 bibam
754 3483 876 3559 cogant
928 3474 1001 3538 Due
1032 3496 1160 3559 quoque
1187 3483 1289 3540 cetera
1316 3476 1464 3539 triduana
1498 3478 1617 3539 ieiunia
1650 3477 1698 3539 his
1727 3476 1839 3539 diebus
1867 3478 1933 3560 pari

285 3600 310 3640 se
325 3580 445 3642 mdorre
466 3580 648 3662 peremnia
673 3584 767 3642 eruut
791 3578 992 3642 celebranda:
1021 3598 1123 3640 unum
1142 3585 1212 3662 pest
1233 3578 1453 3661 theophaniam
1476 3577 1545 3641 Vll.
1566 3578 1642 3642 1188
1664 3586 1694 3642 81
1712 3579 1784 3641 1111.
1806 3578 1883 3642 Idus
1904 3591 1935 3641 81

326 3678 365 3743 ΙΙ.
383 3679 462 3743 1188
482 3679 635 3759 Ianuarii,
661 3680 746 3743 aliud
773 3700 848 3744 vere
879 3687 948 3764 post
974 3682 1237 3764 septuagesimam
1264 3680 1303 3743 Il.
1332 3679 1410 3744 1188
1436 3679 1597 3744 Februarii
1626 3688 1657 3744 81
1679 3680 1750 3743 XV.
1776 3679 1932 3744 Kalendas

327 3781 430 3846 Martii
452 3789 484 3846 et
503 3781 575 3845 ΙΙΠ.
597 3781 755 3846 Kalendas
776 3782 889 3845 Martii.

426 3883 635 3949 Necessitates
662 3904 737 3949 vero
765 3904 844 3968 quas
872 3904 969 3969 supra
996 3906 1055 3949 nes
1082 3886 1222 3949 dicturos
1251 3905 1320 3949 esse
1348 3886 1568 3969 prourisimuS,
1595 3885 1676 3947 inter
1695 3892 1814 3948 ceteras
1841 3890 1933 3966 (8888

325 3993 430 4051 188188
453 3987 511 4050 hac
532 3988 600 4050 rice
621 4006 867 4051 commemorare
895 3989 1127 4051 necessariume
1155 4008 1218 4051 888
1246 3988 1444 4067 1881188811,
1470 3988 1546 4050 baec
1574 3994 1650 4050 8881
1677 3987 1830 4070 denique:
1859 4006 1934 4049 888-

287 4096 448 4172 npertum
471 4087 626 4152 habemus
647 4108 703 4172 per
729 4088 837 4152 fideles
858 4097 1000 4168 nostros,
1030 4091 1085 4173 881
1112 4089 1203 4153 nobis
1228 4090 1267 4153 de
1295 4091 1430 4173 siugulis
1456 4091 1545 4171 regni
1574 4091 1671 4152 nostri
1694 4088 1836 4172 partibus
1857 4090 1933 4151 baec

326 4191 569 4271 nuntiaverunt,
600 4192 685 4274 8881
711 4191 838 4254 18881118
866 4211 952 4254 mere
979 4200 1010 4255 et
1038 4191 1120 4254 ultra
1148 4198 1337 4254 consuetum
1367 4191 1484 4275 ubique
1513 4200 1614 4255 terrae
1640 4191 1792 4253 sterelitas
1813 4198 1933 4253 888881

324 4292 418 4356 lamis
444 4293 620 4377 periculum
647 4294 814 4356 imminere
845 4292 985 4371 videtur,
1018 4296 1099 4357 a‘eris
1126 4295 1221 4357 etiam
1250 4295 1451 4377 intemperies
1477 4293 1622 4375 frugibus
1649 4292 1740 4355 valde
1768 4293 1933 4368 88888118,

327 4392 502 4477 pestilentia
524 4414 654 4477 quoque
675 4414 730 4478 per
750 4395 833 4474 loca,
859 4401 890 4458 et
909 4398 1120 4479 paganorum‘
1138 4398 1282 4479 gentium
1303 4397 1386 4459 circa
1406 4415 1528 4458 marcas
1550 4404 1671 4458 nostras
1691 4395 1830 4458 88188118
1852 4393 1933 4456 bella

325 4497 491 4576 contiuua,
520 4496 620 4559 multa
640 4506 799 4579 praeterea
820 4516 901 4579 quae
923 4505 954 4561 et
974 4517 1060 4560 nune
1087 4517 1273 4562 enumerare
1300 4498 1430 4577 lengum
1457 4504 1504 4560 est
1533 4505 1563 4559 et
1586 4496 1677 4559 nobis
1698 4498 1933 4579 experimento⁸

286 4617 310 4658 a
325 4604 461 4682 possunt
482 4615 552 4661 esse
574 4598 750 4676 notissima,
772 4599 797 4660 si
820 4598 983 4661 recordare
1004 4599 1166 4680 velumus,
1187 4600 1294 4683 qualia
1307 4599 1653 4677 incommedasingulis
1674 4597 1786 4661 <liebus
1809 4605 1934 4680 prepter

325 4701 437 4764 merita
458 4706 564 4763 nostra
585 4701 767 4764 sentiamus.

426 4799 671 4885 Certissimeque
691 4802 730 4865 ab
752 4804 801 4866 his
821 4802 1031 4866 exterioribus
1051 4803 1198 4886 colligere
1219 4823 1405 4886 pessumus,
1430 4822 1488 4865 888
1510 4821 1565 4885 per
1585 4802 1692 4864 emnia
1712 4799 1849 4863 Domino
1868 4820 1932 4862 nen

425 5070 453 5133 a]
474 5075 598 5122 vestrae.
675 5066 1241 5139 18111811881.,·8118888881181888188.
1314 5067 1341 5135 e)
1362 5069 1401 5120 118
1415 5067 1641 5135 8,·88818881881
1656 5065 1744 5118 illari.
1831 5067 1860 5133 d)
1880 5066 1933 5120 VL

324 5148 470 5220 palme,-
482 5147 623 5202 Psalmum
636 5147 896 5220 quinquagesimum
910 5150 1021 5202 cenabat
1029 5149 1113 5218 Juffb,
1126 5152 1263 5218 8881888
1272 5148 1377 5219 818181,-
1391 5148 1443 5214 cfr.
1456 5146 1523 5215 rap.
1533 5149 1600 5199 Ben.
1617 5146 1695 5207 818,
1710 5164 1764 5215 qao
1778 5147 1932 5199 88888150

284 5242 310 5284 tt
320 5228 444 5300 pulmo·
457 5229 533 5283 omni
540 5228 690 5299 septimane
701 5237 811 5282 8881888
823 5230 949 5282 8881818111
960 5230 1091 5282 iubentur.
1133 5231 1160 5285 el
1174 5228 1341 5283 necessarias
1355 5227 1509 5282 (lirinense.
1551 5227 1732 5296 pragorum
1748 5245 1770 5281 c.
1811 5228 1932 5299 g)expe·

324 5309 474 5365 rimantem
487 5326 511 5362 c.

427 5542 459 5605 8
476 5544 657 5619 818881.
