4418 6226
853 367 997 424 KAROLI
1018 370 1054 423 nl.
1075 367 1343 426 carmennum.
1872 367 1931 430 247

324 550 465 623 salutari,
495 556 652 633 quatenus
673 570 729 633 per
749 556 837 613 tuam
864 550 1099 613 devotissimam
1129 551 1297 615 sollertiam
1325 550 1457 613 verbum
1487 552 1568 612 vitae
1596 557 1740 613 aeternae
1762 557 1881 614 creseat
1902 560 1933 617 et

323 661 441 731 enarrat,
473 659 504 716 et
534 652 761 736 multiplicetur
793 671 947 716 numerus
980 652 1088 735 populi
1123 653 1284 716 christiani
1317 654 1350 715 in
1385 651 1510 715 laudem
1548 658 1579 714 et
1605 651 1736 734 gloriam
1767 652 1932 716 salvatoris

323 756 421 817 nostri
443 753 510 818 llei.

423 855 523 920 Nosse
544 858 651 939 itaque
671 875 726 939 per
746 862 802 919 tna
822 857 938 939 scripta
957 862 1013 919 aut
1033 876 1089 939 per
1109 863 1139 920 te
1159 858 1264 940 ipsum
1287 856 1451 935 volumus,
1478 855 1612 939 qualiter
1631 862 1666 918 tu
1688 863 1719 918 et
1741 856 1930 939 suffraganei

291 978 304 1017 s
323 960 369 1021 tui
388 959 524 1022 doceatis
545 965 575 1022 et
594 960 760 1022 instruatis
781 959 956 1022 sacerdotes
978 957 1037 1023 Dei
1065 967 1096 1023 et
1116 958 1239 1043 plebem
1261 958 1351 1021 vobis
1377 960 1578 1021 commissam
1600 958 1638 1020 de
1659 956 1806 1041 baptismi
1827 978 1931 1021 saera·

323 1071 441 1139 mento,
463 1060 494 1123 id
515 1068 562 1124 est
583 1080 641 1124 eur
660 1062 762 1144 primo
783 1060 888 1124 infans
909 1063 1127 1125 catecuminus
1148 1061 1283 1126 efficitur
1303 1061 1353 1124 vel
1377 1061 1453 1144 quid
1475 1063 1516 1123 sit
1535 1061 1762 1123 catecuminus.
1805 1059 1927 1125 Deinde

323 1164 544 1246 perordinem
573 1164 680 1225 omnia
708 1183 789 1246 quae
815 1169 963 1246 aguntur.
1011 1161 1060 1226 De
1087 1166 1255 1243 scrutinio,
1284 1164 1361 1247 quid
1391 1165 1432 1227 sit
1461 1165 1657 1226 scrutinium.
1706 1162 1753 1226 lle
1779 1162 1932 1244 symbolo,

324 1267 466 1348 quaesit
490 1267 559 1329 eius
581 1267 793 1348 interpretatio
816 1265 992 1329 secundum
1016 1264 1152 1328 Latinos.
1192 1265 1239 1329 De
1267 1266 1463 1346 credulitate,
1489 1265 1646 1349 quomodo
1672 1265 1865 1328 credendum
1887 1267 1927 1328 sit

323 1369 356 1429 in
378 1366 481 1431 Deum
504 1374 623 1451 patrem
645 1369 907 1450 omnipotentem,
928 1375 958 1431 et
979 1369 1012 1431 in
1033 1367 1140 1431 Iesum
1163 1367 1323 1432 Christum
1344 1368 1447 1431 filium
1472 1369 1541 1430 eins
1563 1373 1673 1430 natum
1694 1374 1725 1431 et
1745 1387 1874 1450 passum
1896 1373 1927 1430 et

279 1487 304 1525 ιο
323 1471 355 1532 in
377 1470 529 1553 Spiritum
550 1476 710 1544 sanetum,
738 1478 876 1533 sanctam
901 1470 1084 1532 aecclesiam
1106 1470 1290 1533 catholicam
1313 1476 1344 1533 et
1364 1477 1466 1533 cetera
1489 1489 1571 1552 quae
1592 1477 1743 1533 secuntur
1762 1471 1795 1532 in
1818 1469 1926 1533 eodem

323 1570 474 1652 symbolo.
516 1570 563 1636 De
583 1571 857 1635 abrenuntiatione
879 1572 1012 1636 Satanae
1033 1579 1064 1635 et
1084 1572 1232 1635 omnibus
1254 1572 1402 1655 operibus
1423 1574 1493 1635 eius
1514 1580 1609 1654 atque
1630 1574 1767 1656 pompis:
1791 1572 1867 1654 quid
1887 1574 1928 1634 sit

323 1673 569 1755 abrenuntiatio,
590 1675 640 1737 rel
659 1694 741 1758 quae
761 1694 854 1757 opera
875 1676 944 1738 eius
966 1673 1082 1737 diaboli
1104 1682 1135 1737 et
1150 1694 1290 1757 pompae.
1334 1674 1399 1738 Cur
1415 1674 1599 1737 insufflatur
1619 1675 1669 1737 vel
1690 1694 1748 1737 cur
1768 1677 1929 1737 exoreiza-

322 1781 381 1838 tur.
424 1774 489 1838 Cur
508 1778 726 1840 catecuminus
747 1778 858 1860 accipit
879 1776 983 1839 salem.
1026 1774 1131 1851 Quare
1145 1783 1314 1860 tangantur
1326 1796 1434 1856 neree,
1453 1784 1563 1859 peetus
1585 1782 1748 1858 unguatur
1768 1776 1850 1855 oleo,
1872 1796 1931 1839 eur

323 1879 468 1961 scapulae
489 1883 662 1961 signantur.
705 1877 810 1954 Quare
830 1886 940 1961 peetus
961 1884 992 1942 et
1012 1879 1159 1962 scapulae
1178 1880 1337 1942 liniantur.
1379 1878 1444 1941 Cur
1455 1879 1535 1941 albis
1559 1880 1701 1942 induitur
1722 1881 1928 1943 vestimentis.

279 1997 304 2035 1⁶
323 1978 387 2042 Cur
407 2000 495 2043 sacro
516 1982 662 2045 crismate
681 1987 776 2063 caput
795 1982 1008 2064 perunguitur
1028 1989 1059 2044 et
1079 1983 1213 2062 mystico
1241 1983 1358 2063 tegitur
1388 1981 1550 2044 velamine.
1592 1981 1650 2044 Vel
1671 2001 1728 2044 cur
1749 2000 1878 2064 corpore
1899 1989 1930 2045 et

323 2085 477 2165 sanguine
498 2083 655 2146 dominico
676 2082 889 2146 continuatur.

422 2184 509 2248 Haec
530 2187 635 2249 omnia
658 2184 764 2248 subtili
785 2185 933 2268 indagine
954 2204 1010 2268 per
1032 2187 1145 2268 scripta
1171 2185 1276 2265 nobie,
1298 2187 1380 2249 sicut
1391 2187 1546 2264 diximus,
1569 2187 1714 2248 nuntiare
1736 2194 1855 2264 satage.
1877 2185 1926 2248 vel

323 2287 349 2348 si
370 2287 413 2348 ita
434 2294 540 2350 teneas
561 2295 591 2351 et
612 2288 787 2370 praediceS,
808 2298 863 2350 aut
884 2289 911 2349 si
933 2289 966 2349 in
988 2288 1046 2350 hoc
1066 2288 1150 2370 quod
1171 2288 1332 2370 praedicas
1353 2294 1383 2351 te
1405 2289 1508 2371 ipsum
1531 2287 1698 2350 custodias.

425 2389 511 2452 Bene
532 2388 601 2451 vale
621 2394 652 2451 et
673 2408 727 2451 ora
748 2409 804 2471 pro
825 2388 925 2451 nobis.

278 3114 305 3151 20
503 3069 596 3171 tat.
627 3062 1038 3172 ODILBERTI
1079 3063 1187 3172 AD
1228 3062 1624 3174 KAROLUM
1666 3066 1740 3173 M.

889 3230 1354 3342 RESPONSUM.

1018 3405 1233 3483 em-ea

424 3582 565 3683 Lepa'tar
585 3601 618 3661 r'a
640 3599 707 3662 cod.
729 3599 762 3662 S.
783 3599 885 3661 Perdi
903 3600 935 3661 ia
956 3599 1105 3662 Karr'ald.
1121 3601 1173 3675 ab,
1194 3598 1252 3682 jbl.
1273 3600 1344 3677 139,
1368 3601 1536 3662 vaona'rsa'me
1556 3600 1673 3664 eda'lum
1696 3625 1717 3661 9
1737 3599 1832 3682 Joffd,
1854 3600 1928 3662 bibl.

322 3730 381 3767 rer.
401 3731 496 3791 pana.
508 3707 529 3767 l
536 3706 568 3787 V,
585 3708 655 3771 4113.
1448 3705 1499 3783 (B.
1518 3705 1618 3785 dees&
1639 3706 1676 3769 P.
1692 3706 1720 3786 I,
1746 3706 1825 3785 171.)

422 3862 583 3972 Domino
604 3910 864 3972 christianissimo
886 3915 917 3971 et
943 3906 1048 3971 aDeo
1075 3914 1260 3971 conservate
1281 3907 1396 3970 Karelo
1426 3908 1634 3971 invictissimo
1662 3916 1756 3992 atque
1782 3911 1923 3993 piissimo

322 4010 500 4091 imperatori
528 4010 709 4074 Odilbertus
738 4029 848 4073 servus
872 4029 1036 4073 servorum
1065 4008 1139 4087 Dei,
1177 4017 1302 4073 sanetae
1331 4016 1453 4073 vestrae
1481 4009 1723 4074 llediolanensis
1757 4011 1925 4075 aecclesiae

322 4111 573 4194 archiepiscopus
594 4118 625 4176 et
645 4121 749 4175 orator
767 4122 887 4191 vester,
908 4131 1080 4195 perennem
1101 4112 1135 4174 in
1157 4110 1279 4173 Christo
1301 4111 1429 4174 domino
1451 4112 1593 4175 salutem.

422 4213 523 4296 Igitur
544 4215 706 4278 inmensae
728 4215 951 4298 omnipotentis
969 4214 1026 4277 Dei
1056 4215 1155 4277 nostri
1182 4212 1412 4276 misericordiae
1433 4214 1502 4276 sine
1523 4215 1755 4278 intermissione
1776 4214 1924 4278 omnibus

322 4315 413 4378 nobis
434 4317 629 4398 peragendae
656 4324 732 4380 sunt
755 4319 890 4400 gratiae,
922 4337 1085 4400 quaeres
1110 4318 1145 4379 in
1173 4321 1236 4379 tarn
1266 4314 1525 4379 sublimissimam
1551 4316 1734 4399 dignitatem
1763 4317 1927 4381 collocavit

278 4447 304 4484 9ο
321 4419 459 4501 imperii,
490 4419 650 4501 simulque
675 4419 848 4502 provolutis
874 4419 1010 4502 genibus
1045 4438 1155 4482 ornnes
1182 4417 1323 4481 eiusdem
1351 4417 1556 4500 redemptoris
1584 4422 1680 4482 nostri
1708 4420 1923 4504 supplicamus

322 4520 535 4600 clementiam,
558 4526 593 4584 ut
615 4523 709 4583 vitam
723 4530 859 4584 vestram
878 4528 974 4604 atque
993 4522 1237 4584 incolomitatem
1255 4539 1311 4603 per
1330 4520 1502 4583 multorum
1525 4540 1682 4584 annorum
1704 4522 1862 4585 curricula
1882 4523 1921 4585 ad

322 4623 493 4706 profectum
517 4625 660 4685 omnium
682 4623 903 4686 aecclesiarrnn
921 4622 979 4687 Dei
1001 4625 1069 4686 sive
1090 4630 1121 4686 et
1140 4622 1281 4686 fidelium
1303 4622 1492 4706 populorum
1510 4621 1600 4685 vobis
1618 4643 1636 4685 a
1653 4621 1720 4686 Deo
1741 4625 1924 4687 commisso-

322 4745 393 4788 rum
415 4743 600 4788 eonservare
619 4725 778 4808 dignetur,
800 4727 876 4808 quia
896 4727 929 4788 in
951 4730 1054 4789 vestra
1073 4725 1298 4809 tranquillitate
1309 4725 1443 4788 salntem
1455 4731 1637 4788 nostrerum
1649 4727 1793 4789 omniurn
1814 4726 1923 4789 adesse

322 4828 542 4910 cognoscimus
567 4834 663 4909 atquo
687 4833 841 4890 tenemus.
885 4825 947 4902 eui
974 4847 1030 4890 vos
1056 4827 1299 4891 sollicitudinem
1329 4825 1477 4890 habentes
1505 4827 1677 4890 orthodoxe
1704 4827 1792 4906 fidei,
1821 4829 1921 4910 magis

277 4956 303 4995 9
322 4947 396 5012 prae
421 4930 532 4992 ceteris
557 4929 705 4992 omnibus
733 4931 788 5012 qui
814 4936 887 4994 ante
912 4950 970 4993 vos
995 4931 1157 4993 christiani
1184 4931 1386 5012 imperatores
1414 4931 1445 4991 in
1476 4930 1624 4993 universo
1650 4930 1768 4993 munde
1794 4930 1923 4994 fuerunt

322 5031 487 5094 devotione
509 5032 628 5115 quique
651 5032 758 5095 divino
779 5031 845 5095 nelo
866 5034 1028 5110 commoti,
1048 5032 1080 5094 id
1102 5037 1149 5095 est
1170 5030 1413 5110 Constantinus,
1439 5030 1632 5095 Theodosius
1653 5033 1767 5112 maior,
1797 5031 1924 5095 Martia·

322 5150 384 5194 nus
408 5138 439 5196 et
459 5132 665 5197 lastinianus.
708 5133 750 5196 Hi
772 5153 897 5212 onrneS,
925 5140 960 5197 ut
980 5134 1188 5197 christianum
1208 5133 1361 5216 populum
1387 5131 1426 5195 ab
1452 5134 1538 5196 omni
1565 5135 1678 5197 emonis
1704 5134 1828 5197 macula
1848 5134 1925 5199 libe-

323 5241 439 5311 rarent,
469 5235 622 5299 divinitus
647 5237 789 5319 inspirati
819 5255 900 5318 quae
927 5234 1057 5299 Domini
1084 5235 1260 5298 sacerdotes
1286 5234 1497 5313 diffiniebant,
1527 5235 1580 5298 illa
1607 5241 1712 5300 tamen
1740 5237 1921 5320 principalis

322 5337 491 5398 auctoritas
516 5337 728 5401 confirmabat
770 5336 913 5413 Quorum
939 5357 996 5401 vos
1024 5339 1144 5401 meritis
1169 5344 1199 5400 et
1225 5339 1355 5401 seientia
1380 5335 1619 5419 praecellentes,
1645 5336 1747 5401 David
1775 5347 1922 5402 sanctum

275 5466 303 5503 ro
322 5437 481 5500 imitantes
503 5440 557 5521 qui
579 5458 613 5502 se
633 5458 689 5522 pro
711 5440 817 5522 populi
838 5440 939 5503 salute
959 5441 992 5502 in
1004 5446 1078 5523 typo
1092 5441 1189 5502 nostri
1201 5439 1346 5502 exhibuit
1358 5438 1570 5522 redemptoris.
1613 5438 1672 5514 eui
1696 5461 1751 5504 vos
1772 5450 1921 5504 strenuus

321 5538 423 5602 cultor
444 5559 500 5622 pro
521 5540 704 5604 credulitate
724 5548 826 5605 reetae
846 5541 918 5604 fidei
940 5542 1047 5605 divino
1069 5560 1175 5604 amore
1196 5542 1334 5615 accensi,
1362 5541 1401 5603 dc
1427 5541 1556 5604 domino
1579 5550 1685 5604 nostro
1705 5542 1778 5605 lesu
1801 5541 1923 5605 Christo
