4380 6248
266 352 328 416 372
733 353 1019 409 nnltmnnnnnn
1041 355 1095 409 Al)
1116 355 1342 411 lllrt'nowlcl
1364 356 1417 411 Pll

270 531 402 614 quando
423 550 473 593 ars
495 537 542 593 est
563 531 676 593 artium
701 531 841 612 regimen
869 529 1088 593 animarum't'
1135 530 1175 593 Et
1204 533 1334 594 iterum:
1363 529 1453 594 ‘Ille4
1479 531 1577 613 igitur
1603 529 1707 593 modis
1736 527 1882 591 omnibus

269 634 363 697 debet
384 633 422 696 ad
444 633 624 716 exemplum
648 632 775 695 vivendi
797 633 948 716 pertrahi,
979 633 1035 714 qui
1056 633 1181 696 cunctis
1201 634 1306 696 carnis
1326 633 1529 716 passionibus
1549 633 1689 695 moriens
1710 632 1774 693 iam
1796 631 1882 713 spiri·

268 735 372 799 taliter
393 736 485 813 vivit,
516 736 570 817 qui
592 753 740 818 prospera
761 733 871 796 mundi
895 734 1066 816 postponit,
1093 734 1148 816 qui
1170 733 1259 796 nulla
1280 734 1412 797 adversa
1433 735 1638 817 pertimescit,
1669 733 1726 817 qui
1750 731 1817 795 sola
1838 733 1883 795 in-

267 844 358 901 terna
380 837 551 915 desiderat,
580 838 673 899 citius
693 837 861 899 intentioni
885 835 964 900 benc
985 854 1164 917 congruens
1185 855 1243 899 neo
1264 838 1393 899 omnino
1420 856 1476 919 per
1501 835 1739 900 inbecillitatem
1761 853 1884 918 corpus

270 958 330 1001 nec
349 938 441 1002 valde
461 957 517 1021 per
537 938 760 1001 contumeliam
788 944 951 1021 repugnat.
995 935 1056 1012 Qui
1085 937 1124 1000 ad
1146 938 1249 1000 aliena
1269 937 1425 1022 cupiendo
1440 957 1504 1002 non
1519 937 1663 1015 ducitur,
1682 937 1739 1000 sed
1761 938 1884 1021 propria
1908 962 1920 1001 a

268 1039 416 1124 largitum
445 1040 500 1122 qui
522 1059 577 1122 per
603 1041 727 1122 pietatis
754 1040 874 1102 viscera
901 1040 996 1102 eitius
1023 1039 1062 1101 ad
1092 1039 1322 1122 ignoscendum
1345 1039 1495 1110 flectitur,
1526 1040 1581 1104 sed
1606 1058 1787 1122 numquam
1814 1038 1885 1122 plus

270 1161 366 1224 qiram
390 1141 495 1204 deceat
516 1144 683 1223 ignoscens
706 1141 745 1204 ab
765 1142 847 1204 artos
867 1142 1065 1204 rectitudinis
1086 1141 1264 1204 inclinatur.
1307 1140 1368 1217 Qui
1392 1141 1479 1205 nulla
1499 1142 1619 1205 inlicita
1638 1146 1811 1226 perpetrat,
1832 1140 1884 1204 sed

269 1250 445 1326 perpetrata
465 1241 503 1305 ab
525 1244 595 1306 aliis
618 1249 653 1306 ut
674 1245 799 1327 propria
820 1243 967 1326 deplorat
1019 1241 1080 1317 Qui
1109 1262 1148 1306 ex
1178 1243 1291 1307 affectu
1318 1244 1422 1307 cordis
1450 1244 1571 1308 alienae
1597 1243 1777 1307 infirmitati
1801 1262 1885 1305 conr·

271 1346 401 1428 patitur,
423 1346 532 1427 sicque
553 1347 586 1408 in
608 1345 700 1408 bonis
721 1345 858 1428 proximi
879 1345 961 1407 sicut
975 1345 1007 1406 in
1023 1345 1090 1407 suis
1101 1344 1303 1425 provectibus
1314 1345 1455 1408 laetatiu.
1496 1345 1558 1422 Qui
1580 1348 1622 1409 ita
1644 1365 1678 1410 se
1699 1343 1884 1409 imitabilem

270 1449 382 1510 ceteris
402 1448 434 1509 in
457 1449 580 1510 cunctis
603 1467 684 1530 quae
704 1448 769 1528 agit
790 1448 948 1524 insinuat,
970 1465 1009 1508 ne
1031 1448 1185 1509 intereos
1208 1446 1321 1509 habeat
1341 1447 1426 1530 quod
1448 1447 1551 1511 saltim
1574 1448 1613 1512 de
1624 1447 1794 1510 transactis
1814 1466 1885 1510 eru·
1898 1476 1921 1513 ro

268 1547 382 1611 bescat.
425 1547 485 1622 Qui
509 1550 554 1611 sie
577 1549 681 1612 studet
699 1551 822 1628 vivere,
848 1554 879 1612 et
907 1551 1125 1632 proximorum
1155 1568 1283 1632 quoque
1304 1551 1425 1612 arentia
1449 1549 1608 1613 doctrinae
1630 1548 1762 1613 fluentis
1785 1548 1885 1612 valeat

270 1651 416 1734 inrigare.
459 1649 520 1725 Qui
542 1653 692 1714 orationis
715 1671 775 1714 usn
797 1653 1012 1734 experimento
1034 1652 1096 1713 iam
1119 1651 1238 1729 didicit,
1270 1651 1353 1733 quod
1376 1650 1517 1714 obtinere
1537 1674 1555 1714 a
1576 1652 1705 1715 domino
1727 1670 1812 1730 quae
1832 1670 1885 1733 po

269 1753 405 1835 poscent
425 1755 534 1836 possit,
556 1755 608 1816 eui
630 1755 832 1837 propheticag
854 1765 949 1817 voceg
971 1755 1032 1816 iam
1056 1755 1147 1836 quasi
1173 1754 1348 1837 specialiter
1369 1754 1522 1817 dicitnr:⁵
1543 1754 1662 1817 ‘adhuc
1683 1753 1836 1835 loquente
1856 1761 1885 1815 te

270 1855 386 1918 dicam:
417 1875 488 1918 ecee
509 1856 644 1919 adsum)
687 1856 825 1939 Ideoque
847 1857 957 1919 talium
980 1874 1087 1918 rerum
1107 1855 1186 1918 tales
1207 1875 1276 1919 osse
1297 1863 1419 1939 oportet
1444 1875 1506 1919 non
1530 1855 1686 1934 indoctae,
1713 1874 1754 1917 ne
1780 1854 1884 1937 aliqua

271 1958 480 2040 oportunitate
502 1964 610 2041 turpes
630 1959 849 2035 inveniantur,
875 1960 957 2021 sicut
978 1959 1010 2020 in
1033 1958 1144 2020 eodem
1168 1956 1270 2019 libroG
1293 1957 1440 2021 babetur:
1463 1957 1560 2033 ‘Quia
1578 1979 1652 2021 curn
1675 1959 1817 2042 spiritale
1830 1957 1884 2021 ali·
1896 1985 1928 2021 n.

270 2058 347 2141 quid
368 2079 386 2122 a
409 2058 544 2122 subditis
566 2068 672 2143 pastor
691 2062 881 2144 inquiritur,
911 2060 1160 2142 ignominiosum
1184 2058 1272 2122 valde
1294 2067 1356 2137 est,
1383 2060 1409 2121 si
1432 2069 1508 2123 tunc.
1529 2061 1661 2143 incipiat
1681 2079 1815 2144 querere
1837 2059 1881 2123 rel

270 2160 406 2240 discere,
427 2181 500 2223 cunr
524 2163 722 2244 questionem
744 2161 836 2225 debet
856 2160 1014 2224 enodare.’

370 2264 397 2326 2.
440 2261 490 2325 Ut
527 2262 667 2326 nullus
704 2265 918 2347 episeopus
956 2263 1145 2345 aliosque
1177 2263 1362 2326 sacerdos
1398 2263 1634 2328 muneribus
1664 2264 1880 2327 ordinetur.

270 2363 392 2428 cavere
421 2365 529 2447 itaque
557 2371 677 2448 oportet
707 2384 972 2448 unumquemque
1000 2364 1206 2443 sacerdotem,
1237 2384 1277 2427 ne
1305 2367 1434 2447 premiis
1458 2366 1604 2429 videatur
1628 2367 1822 2433 consecrari.
1847 2378 1881 2428 ut

271 2486 335 2529 non
359 2467 503 2550 exemplo
522 2466 661 2531 Simonis
683 2469 765 2550 magi
793 2469 826 2529 in
856 2469 1152 2531 condemnationem
1180 2473 1211 2529 ct
1239 2466 1388 2549 laqueum
1413 2467 1531 2530 incidat
1556 2466 1688 2541 diaboli;
1718 2469 1795 2551 quia
1818 2476 1916 2535 tameo

267 2569 371 2631 factus
393 2589 489 2651 quam
512 2571 603 2632 etiam
628 2570 745 2633 faciens
768 2570 885 2632 honore
907 2570 1072 2652 ademptoh
1103 2568 1218 2631 debent
1243 2587 1312 2631 esse
1340 2568 1589 2649 condemnandi,
1615 2570 1699 2633 sicut
1724 2571 1758 2632 in
1781 2569 1879 2633 (lalci-

269 2671 410 2734 donense
436 2672 635 2754 aliorumque
660 2680 783 2755 patruni
807 2670 942 2741 habetur
963 2671 1124 2749 concilio,7
1147 2672 1221 2753 quia
1241 2671 1296 2752 qui
1316 2669 1503 2734 muneribus
1525 2672 1702 2749 ordinatur,
1730 2692 1794 2735 non
1816 2673 1877 2735 ani·

270 2791 341 2835 mae
363 2772 519 2836 decertare
539 2774 627 2857 cupit
647 2775 839 2841 remedium.
858 2775 912 2838 sed
935 2794 1034 2838 vanae
1054 2774 1171 2857 gloriae
1193 2775 1337 2836 merearil
1359 2774 1493 2836 lucrum.

370 2877 397 2939 3.
439 2873 617 2949 Qualiter·
642 2877 874 2958 episcopum
901 2877 1038 2940 docere
1060 2884 1096 2940 et
1125 2877 1348 2939 consistere
1374 2881 1542 2958 oportet
1591 2874 1785 2959 Episcopum
1810 2894 1877 2938 rem

271 2975 353 3039 bono
374 2995 466 3058 opere
487 2978 659 3040 consistere
679 2984 815 3060 oportet,
847 2989 880 3041 ut
909 2998 971 3040 non
995 2979 1098 3041 solam
1125 2979 1214 3041 factis
1243 2977 1492 3057 congruentibus
1520 2977 1639 3054 luceat,
1668 2977 1724 3040 sed
1746 2978 1904 3060 optimusa

270 3078 450 3161 speculator
470 3080 596 3159 existat,
625 3080 760 3164 ‹praliter
783 3081 920 3163 populus
941 3080 1074 3144 verbnm
1096 3081 1320 3164 predicationis
1341 3087 1466 3143 ostenso
1495 3098 1588 3163 opere
1611 3081 1681 3143 sine
1702 3079 1801 3142 dubio
1828 3078 1877 3141 ob

269 3181 425 3244 servando
448 3181 600 3261 attendat,
628 3181 810 3245 beatissimo
833 3183 982 3265 Gregorio
1004 3203 1084 3265 papa
1112 3183 1257 3245 docente:
1286 3182 1364 3265 pro⁸
1392 3182 1542 3264 qualitate
1565 3183 1662 3265 igitur
1684 3182 1876 3245 audientium

270 3283 399 3346 formari
421 3282 513 3347 debet
533 3303 636 3347 semro
658 3284 838 3363 doctorum,
867 3290 902 3347 ut
927 3292 958 3348 et
979 3285 1018 3347 ad
1039 3305 1098 3347 sua
1125 3283 1260 3367 singulis
1288 3290 1455 3366 congruat,
1483 3294 1514 3347 et
1536 3290 1640 3347 maren
1662 3307 1683 3347 a
1703 3285 1877 3348 communis

270 3384 497 3448 aedificationis
519 3394 584 3449 arte
604 3406 782 3469 numquam
804 3387 934 3450 recedat

371 3491 398 3551 4.
440 3486 494 3551 De
527 3489 704 3552 indoctis
736 3489 1025 3553 sacerdotibus.
1079 3487 1279 3572 Quamquam
1311 3490 1471 3553 admonita
1505 3491 1671 3554 doctorum
1703 3497 1736 3554 et
1768 3499 1903 3554 statutas

269 3598 395 3673 patrum
418 3590 594 3654 sacerdotes
615 3592 758 3654 indoctos
779 3590 946 3674 prohibent
967 3593 1157 3673 consecrari,
1178 3595 1324 3676 oportuni
1349 3595 1499 3677 temporis
1520 3592 1751 3665 moderatione,
1772 3595 1799 3656 si
1820 3593 1877 3676 epi·

268 3711 384 3775 scopus
404 3691 585 3756 inveniatur
605 3693 764 3768 indoctos,
791 3715 809 3755 a
828 3693 1067 3776 metropolitano
1087 3697 1224 3778 proprio,
1252 3703 1283 3760 et
1304 3696 1452 3780 deinceps
1479 3695 1656 3759 sacerdotes
1681 3695 1712 3758 id
1734 3702 1784 3759 est
1800 3714 1878 3779 pres

269 3793 387 3874 byteri,
409 3794 533 3858 diaconi
554 3794 603 3858 vel
625 3796 719 3858 ctiam
743 3794 942 3862 subdiaconi.
963 3817 980 3858 a
1003 3817 1060 3859 sno
1073 3799 1198 3880 proprio
1216 3799 1361 3882 episcopo
1378 3805 1415 3862 ut
1425 3799 1528 3862 doceri
1550 3799 1673 3882 possint
1693 3798 1878 3862 admonean-

270 3901 336 3971 tur3
367 3901 398 3958 et
417 3898 544 3959 interim
566 3896 698 3959 subiecti
716 3897 892 3960 sacerdotes
908 3904 938 3960 et
953 3897 1030 3960 tales
1043 3897 1147 3962 <elerici
1159 3899 1198 3961 ad
1217 3906 1376 3983 tempusa
1397 3900 1606 3964 celebratione
1628 3899 1729 3963 divini
1754 3899 1878 3964 misterii

269 4007 300 4060 ct
322 3998 434 4061 officiis
454 3999 705 4082 suspendantur,
735 4008 769 4062 nt
790 4000 871 4062 docti
895 4001 1021 4063 valeant
1043 4001 1081 4064 ad
1104 4001 1247 4064 debitum
1274 4004 1486 4066 ministerium
1513 4002 1671 4066 advenire.
1718 4001 1753 4066 Si
1778 4014 1906 4065 autema

271 4101 360 4162 nonk
381 4104 542 4184 potuerint
562 4102 700 4179 edoceri,
723 4104 755 4164 in
778 4109 930 4185 potestate
953 4105 1090 4186 episcopi
1112 4105 1167 4166 sit.l

371 4205 400 4267 b.
445 4203 492 4267 Ut
511 4205 549 4266 in
566 4204 772 4286 elegendis
794 4206 992 4288 episcopis
1014 4209 1232 4270 canonicae
1256 4208 1420 4291 regulae
1437 4208 1713 4272 observentur.
1756 4206 1879 4291 Episco

270 4325 346 4388 pum
376 4308 462 4368 enim
483 4308 658 4369 consecrari
683 4327 745 4369 non
767 4309 927 4384 convenit,
954 4309 1015 4369 nisi
1044 4329 1063 4371 a
1088 4309 1210 4372 clericis
1237 4316 1268 4373 et
1293 4310 1409 4393 populo
1434 4310 1529 4373 inerit
1557 4309 1745 4394 postulatus
1793 4308 1878 4373 Unde

269 4406 448 4470 Celestinus
467 4428 547 4491 papa
567 4408 657 4471 dicit:
686 4407 838 4472 ‘Nullust
860 4411 980 4472 invitus
1003 4411 1166 4473 ordinetur
1186 4412 1368 4495 episcopum
1397 4412 1497 4495 plebis
1518 4413 1618 4489 enim,
1645 4411 1833 4475 clericorum
1852 4422 1878 4474 et

270 4509 391 4571 ordinis
409 4529 600 4572 rainsensum
622 4519 652 4573 et
674 4510 865 4574 desiderium
886 4518 1009 4574 constat
1027 4531 1096 4575 esse
1117 4513 1363 4596 requirendum'
1413 4513 1455 4578 at
1473 4513 1536 4578 Leo
1557 4514 1781 4577 sanctissimus
1804 4532 1878 4597 papa
1887 4548 1908 4583 o

268 4612 326 4672 ait:
349 4609 496 4674 ‘Nullan'
518 4613 603 4674 enirn
625 4614 703 4674 ratio
725 4614 800 4676 sinit
821 4622 855 4676 nt
878 4615 960 4677 inter
981 4615 1345 4698 episcoposbabeantur,
1367 4617 1493 4699 quince
1511 4637 1529 4679 a
1544 4616 1666 4680 clericis
1688 4622 1768 4679 sunt
1786 4615 1879 4685 electi,

269 4732 328 4775 nec
347 4733 366 4775 a
386 4713 532 4796 plebibus
552 4713 701 4797 expetiti'
745 4713 836 4790 Quod
858 4717 884 4779 si
908 4717 938 4778 in
963 4716 1072 4779 eadem
1094 4718 1224 4781 ecclesia
1254 4719 1371 4801 dignus
1401 4738 1462 4782 non
1487 4719 1683 4793 inveniatur,
1709 4726 1787 4781 tunc
1806 4717 1879 4781 alter

270 4814 308 4876 de
330 4814 426 4878 altera
447 4815 582 4896 eligatur
600 4816 745 4880 aeeclesia:
769 4825 872 4881 tamen
897 4819 1044 4901 quann'is
1065 4821 1235 4882 necessitas
1247 4821 1385 4896 eveniat,
1408 4821 1563 4884 invidiose
1584 4819 1673 4883 nullo
1694 4821 1790 4884 modo
1810 4840 1878 4883 con·

270 4925 411 4980 serretur
431 4918 558 4980 invitus.

371 5189 394 5257 l)
416 5207 478 5245 arce
491 5210 513 5242 c.
585 5191 615 5262 g)
637 5192 929 5248 cll'ectusvocernrod.
999 5195 1029 5253 h]
1052 5197 1145 5266 adepti
1156 5217 1179 5247 r.
1246 5196 1265 5259 i‘s
1289 5214 1449 5250 venerarer.
1516 5196 1718 5265 k)u0110o.0.
1784 5197 1806 5267 l)
1827 5195 1910 5251 sinte

269 5268 402 5323 muroniee
412 5269 552 5325 iudicandi
561 5271 663 5325 dionei.

373 5520 404 5591 4)
426 5523 612 5580 abdicarem.
676 5523 921 5594 b{,d)auirra8‚18.
983 5525 1450 5597 e)nrbap1otor.p‹o·all,c.1t.
1514 5524 1543 5594 7)
1564 5525 1696 5581 cama.
1753 5526 1786 5599 8)
1802 5526 1879 5583 later

266 5627 340 5691 post.
350 5636 420 5690 pore
430 5620 487 5672 ΙΙΙ.
547 5619 576 5691 9)
597 5620 666 5675 Com.
678 5622 721 5677 18.
785 5623 835 5693 10)
857 5623 924 5678 Clara.
936 5623 980 5679 lb.
