4418 6226
902 367 1164 426 CAPITULARIA
1184 367 1348 422 lTALICA.
1869 362 1926 428 197

321 554 376 636 qui
397 552 449 615 vel
469 551 774 614 commendationem
802 549 853 613 vel
880 548 1070 613 beneficium
1099 549 1363 613 aecclesiasticum
1391 549 1506 612 habent
1539 550 1620 611 sicut
1645 547 1757 630 reliqui
1785 547 1929 610 homines

320 656 459 718 iustitias
479 653 602 717 faciant.

420 757 447 819 6.
490 755 685 819 Audivimus
706 755 800 817 etiam
822 754 907 837 quod
928 754 1070 817 iuniores
1097 754 1248 816 comitum
1279 754 1328 816 vel
1356 754 1456 836 aliqui
1482 753 1617 815 ministri
1643 751 1834 834 reipublice
1863 751 1929 814 sive

321 861 414 924 etiam
440 857 587 921 nonnulli
613 857 756 920 fortiores
781 857 866 920 vassi
894 858 1047 919 comitum
1075 856 1198 939 aliquas
1224 855 1438 919 redibutiones
1466 855 1517 918 vel
1548 854 1763 934 collectiones,
1797 852 1927 936 quidam

290 976 303 1015 ὁ
320 980 375 1046 per
394 966 521 1044 pastum
543 959 671 1042 quidam
693 960 788 1022 etiam
806 959 875 1021 sine
895 964 1037 1041 pastum,
1069 959 1159 1040 quasi
1182 957 1376 1040 deprecando
1396 957 1522 1040 exigere
1544 956 1659 1035 solent,
1686 955 1830 1018 similiter
1850 975 1928 1038 quo-

321 1084 383 1147 que
405 1082 529 1146 operas,
550 1061 749 1124 collectiones
769 1059 914 1143 frugum,
935 1079 1041 1136 arare,
1063 1065 1252 1138 sementare,
1278 1078 1425 1135 runcare,
1453 1060 1603 1137 caricare,
1624 1077 1729 1121 secare
1755 1057 1807 1121 vel
1827 1064 1930 1122 cetera

320 1167 369 1230 his
395 1165 524 1245 similia,
556 1185 575 1226 a
599 1163 715 1246 populo
741 1181 796 1246 per
821 1163 948 1226 easdem
977 1163 1027 1226 vel
1054 1163 1132 1225 alias
1159 1162 1407 1225 machinationes
1434 1162 1559 1244 exigere
1584 1166 1833 1240 consueverunt,
1862 1179 1924 1223 non

319 1274 445 1332 tantum
465 1266 504 1330 ab
526 1266 763 1329 aecclesiasticis
786 1272 832 1329 set
852 1266 946 1328 etiam
969 1285 987 1327 a
1010 1264 1133 1347 reliquo
1151 1264 1280 1347 populo:
1313 1283 1375 1346 que
1397 1264 1521 1325 omnial
1543 1261 1635 1325 nobis
1656 1269 1687 1325 et
1707 1261 1745 1324 ab
1766 1263 1851 1325 omni
1873 1281 1928 1345 po-

320 1370 395 1454 pulo
415 1371 499 1433 iuste
525 1367 701 1431 amovenda
727 1368 889 1447 videntur,
918 1368 993 1448 quia
1021 1367 1052 1429 in
1083 1366 1273 1448 quibusdam
1303 1366 1380 1429 locis
1406 1367 1438 1428 in
1467 1371 1591 1428 tantum
1612 1365 1685 1428 iude
1712 1363 1848 1446 populus
1875 1384 1929 1447 op

276 1483 303 1523 1⁰
320 1491 448 1556 pressus
468 1478 529 1552 est,
555 1477 592 1534 ut
611 1470 703 1534 multi
723 1469 804 1533 ferre
824 1490 888 1533 non
910 1469 1055 1533 valentes
1075 1487 1132 1552 per
1151 1468 1226 1550 fuga
1256 1489 1274 1530 a
1302 1468 1439 1530 dominis
1460 1468 1510 1530 vel
1538 1467 1723 1550 patronibus
1753 1467 1821 1529 suis
1848 1466 1925 1549 lapsi

321 1580 410 1652 sunt,
436 1579 467 1637 et
487 1574 582 1636 terre¹
603 1573 683 1655 ipsel
703 1572 737 1634 in
758 1571 961 1635 solitudinem
991 1571 1114 1634 redacte
1124 1581 1151 1631 ¹⁰.
1195 1569 1472 1652 Apotentioribus
1499 1576 1605 1632 autem
1632 1569 1702 1632 vel¹¹
1730 1568 1894 1632 ditioribus
1906 1580 1932 1648 ¹¹,

321 1682 518 1760 expontanea
537 1681 662 1738 tantum
683 1673 845 1737 voluntate
866 1674 916 1737 vel
943 1680 1055 1737 mutua
1081 1672 1261 1754 dilectione,
1289 1672 1468 1736 volentibus
1493 1673 1607 1736 solacia
1627 1677 1765 1752 prestare
1791 1672 1928 1734 invicem

320 1778 452 1842 minime
473 1777 663 1860 proibemus.

421 1881 449 1943 l.
490 1878 539 1943 De
560 1877 708 1962 pontibus
729 1898 805 1942 vero
826 1879 877 1943 vel
897 1879 1027 1962 reliquis
1049 1878 1206 1942 similibus
1227 1878 1375 1961 operibus
1390 1896 1453 1959 que
1466 1879 1665 1941 ecclesiastici
1679 1896 1735 1960 per
1754 1878 1928 1940 iustitiam⁰

278 1993 304 2033 ¹⁶
322 1988 353 2045 et
379 1983 541 2065 antiquam
569 1981 830 2044 consuetudinem
864 2000 939 2044 cum
966 1981 1088 2063 reliquo
1116 1980 1231 2063 populo
1266 1979 1369 2044 facere
1403 1980 1518 2044 debent
1546 1980 1605 2043 hoc
1634 1980 1857 2062 praecipimus,
1893 1984 1931 2041 ut

321 2088 423 2148 rector
443 2084 591 2147 ecclesiae
612 2083 841 2166 interpelletur,
871 2091 901 2146 et
921 2084 950 2146 ei
972 2083 1148 2146 secundum
1170 2083 1276 2165 quodl
1296 2082 1488 2166 possibilitas
1508 2081 1604 2145 fuerit
1630 2102 1689 2145 sua
1709 2082 1810 2164 portio
1831 2081 1929 2163 depu-

321 2192 420 2265 tetur,
446 2192 477 2250 et
496 2205 554 2268 per
580 2184 695 2248 aliumq
716 2184 914 2248 exactoremq
936 2185 1140 2248 ecclesiastici
1160 2186 1304 2248 homines
1326 2185 1381 2247 adr
1402 2196 1511 2268 operar
1539 2203 1603 2247 non
1624 2183 1848 2267 conpellentur.
1897 2181 1931 2246 Si

321 2307 396 2352 vero
416 2308 496 2371 opus
518 2308 615 2351 snum
635 2289 805 2351 constituto
830 2287 879 2350 die
901 2286 1080 2369 conpletum
1103 2307 1166 2350 non
1188 2287 1347 2366 habuerit,
1375 2287 1468 2350 liceat
1488 2287 1595 2349 comiti
1612 2305 1668 2369 pro
1689 2305 1771 2368 pena
1791 2288 1928 2368 preposi-

322 2396 388 2453 tum
413 2391 515 2473 operis
536 2392 700 2472 pignerare
725 2390 816 2452 iuxta
842 2389 1091 2452 aestimationem
1116 2389 1167 2452 vel
1193 2391 1399 2472 ‹qrranbtatenr
1427 2388 1588 2472 inperfecti
1614 2390 1733 2471 operis,
1761 2405 1931 2470 quousque

279 2503 305 2543 ²⁰
322 2492 514 2576 perficiatur:
537 2493 636 2555 comis
657 2498 763 2555 autem
785 2493 812 2554 si
833 2491 1007 2574 neglexerit
1028 2511 1046 2553 a
1066 2510 1139 2574 rege
1157 2492 1206 2554 vel
1228 2493 1325 2554 misso
1345 2491 1428 2574 regis
1450 2491 1640 2554 iudicandus
1661 2496 1715 2553 est

421 2597 449 2660 8.
490 2592 539 2656 De
560 2594 689 2657 decimis
718 2600 753 2657 ut
774 2593 903 2672 dentur,
929 2600 960 2656 et
980 2593 1055 2656 dare
1076 2593 1219 2656 nolentes
1239 2593 1415 2656 secundum
1429 2593 1513 2676 quod
1535 2613 1618 2656 auno
1642 2593 1785 2676 preterito
1807 2593 1930 2655 denun-

322 2697 434 2759 tiatum
456 2697 524 2760 est4
544 2697 728 2759 aministris
742 2695 914 2778 reipublice
926 2697 1102 2777 exigantur.
1144 2696 1179 2759 ld
1202 2702 1265 2775 est,
1286 2696 1443 2778 eligantur
1463 2703 1628 2778 quattuor·
1650 2696 1699 2760 vel
1720 2701 1805 2758 octot
1826 2695 1926 2758 homi-

322 2816 392 2876 neS,
418 2798 471 2861 vel
491 2804 585 2882 prout
606 2817 686 2881 opus
705 2797 813 2875 fuerit,
840 2798 878 2861 de
899 2798 1033 2880 singulis
1053 2797 1198 2881 plebibus
1218 2799 1309 2860 iuxta
1338 2798 1551 2880 qualitatem,
1580 2802 1615 2860 ut
1634 2799 1696 2881 ipsi
1722 2799 1805 2860 inter
1825 2815 1927 2860 sacer-

323 2898 411 2963 dotes
432 2908 463 2963 et
482 2899 606 2983 plebem
627 2905 721 2963 testes
742 2901 880 2963 existant
901 2899 956 2963 ubi
977 2900 1048 2963 dote
1068 2900 1136 2963 velv
1159 2919 1222 2962 uon
1243 2900 1332 2963 datev
1358 2900 1490 2963 fuerint:
1514 2900 1572 2963 hoc
1592 2900 1680 2979 ideo,
1707 2918 1748 2963 ne
1772 2899 1815 2962 ibi
1842 2900 1927 2962 iura·

279 3017 306 3056 ’ὁ
323 3006 465 3065 mentum
487 3001 614 3084 aliquod
635 3002 770 3065 faciendi
791 3003 961 3065 necessitas
982 3003 1151 3084 confingat.
1194 3001 1266 3065 Non
1292 3010 1398 3066 tamma
1426 3003 1496 3065 ideo
1517 3009 1622 3066 tantos
1643 3008 1737 3065 testes
1757 3000 1928 3064 mittendos

324 3103 473 3183 dicimus,
502 3109 539 3167 ut
559 3105 618 3186 ipsi
637 3114 785 3187 semperw
805 3105 839 3165 in
862 3103 973 3166 dandis
1003 3104 1133 3168 decimis
1160 3111 1320 3187 presentes
1348 3124 1417 3168 esse
1445 3107 1561 3188 pariter
1591 3124 1720 3169 necesse
1746 3105 1800 3182 sit,
1827 3109 1875 3166 set
1896 3109 1931 3166 ut

323 3205 420 3270 dum¹
441 3205 587 3289 pluribus
608 3207 815 3269 committitur
838 3207 946 3269 minus
970 3212 1158 3289 graventur3
1187 3208 1220 3269 in
1247 3206 1374 3270 duobus
1401 3217 1520 3287 autem,
1547 3209 1574 3270 si
1600 3207 1760 3286 affuerint,
1787 3205 1932 3269 sufficere

323 3308 488 3372 credimus.
529 3307 737 3391 Neglegentes
758 3314 864 3371 autem
885 3316 1130 3372 ammoneantur
1150 3308 1365 3392 apresbiteris
1380 3310 1601 3372 aecclesiarum
1624 3328 1726 3392 usque
1747 3308 1785 3371 ad
1806 3308 1929 3371 tertiam

323 3411 425 3473 vicem
446 3416 483 3473 ut
502 3411 602 3493 ipsam
624 3410 778 3473 decimam
800 3409 889 3485 dent,
918 3410 1003 3492 quod
1025 3412 1052 3473 si
1072 3412 1330 3493 contempserint,
1358 3411 1397 3474 ab
1424 3413 1555 3475 introitu
1576 3412 1724 3476 ecclesiae
1744 3410 1930 3494 prohibean-

279 3523 306 3565 ὃν
324 3517 393 3590 tur3
425 3517 456 3575 et
477 3513 503 3575 si
529 3513 582 3574 iny
608 3513 685 3575 hocy
708 3513 839 3574 minime
867 3512 1116 3583 emendaverint,
1150 3515 1348 3576 aministris
1375 3512 1544 3596 reipublice
1573 3514 1704 3577 districti
1731 3513 1846 3596 singuli
1875 3532 1930 3595 per

326 3620 420 3697 caput
441 3634 497 3678 sex
520 3614 636 3677 solidos
659 3614 787 3677 ecclesie
807 3621 1003 3698 conponant,
1024 3621 1055 3677 et
1075 3616 1206 3698 insuper
1226 3616 1347 3679 decima
1368 3617 1441 3679 dare
1456 3623 1617 3699 cogantur.
1664 3617 1746 3680 Nam
1770 3617 1796 3678 si
1819 3618 1931 3678 iterum

325 3722 553 3800 contemptores
574 3717 749 3795 extiterint,
776 3723 854 3780 tnnc
885 3737 941 3799 per
962 3716 1121 3800 publicam
1143 3718 1358 3781 auctoritatem
1386 3718 1499 3782 domus
1522 3719 1572 3782 vel
1590 3739 1662 3782 case
1682 3738 1792 3782 eorum
1814 3718 1932 3781 wiffen-

324 3817 429 3897 tur²⁵,
457 3837 624 3900 quousque
650 3837 706 3901 pro
734 3819 802 3900 ipsa
823 3819 944 3882 decima
966 3821 1048 3882 sicut
1069 3839 1164 3902 supra
1186 3819 1305 3883 dictum
1332 3830 1379 3883 est
1400 3821 1599 3884 satisfaciant.
1653 3819 1744 3895 Quod
1773 3820 1799 3882 si
1827 3819 1932 3882 denuo

323 3919 455 3984 rebelles
481 3921 532 3984 vel
559 3920 802 3984 contradictores
829 3940 897 3985 esse
923 3922 1096 4001 voluerint,
1123 3928 1159 3984 ut
1185 3941 1280 4004 super
1306 3924 1405 4006 ipsam
1434 3923 1566 3986 wiffam⁸
1596 3944 1687 3987 suam
1714 3925 1932 3987 auctoritatem

280 4032 307 4073 ³⁵
324 4022 441 4085 intrare
462 4024 729 4106 praesumpserint
739 4024 761 4095 ⁶,
788 4029 864 4086 tunc
885 4045 903 4086 a
924 4025 1078 4087 ministris
1100 4023 1271 4106 reipublice
1299 4025 1331 4086 in
1354 4025 1496 4087 custodia
1518 4027 1697 4104 mittantur,
1722 4045 1825 4108 usque
1851 4026 1928 4088 dunr

325 4123 365 4187 ad
386 4123 541 4187 iudicium
561 4124 723 4208 publicum
752 4126 976 4208 perducantur,
1002 4132 1032 4188 et
1057 4125 1102 4188 ibi
1129 4126 1305 4188 secundum
1333 4126 1434 4210 legem
1461 4133 1569 4189 contra
1596 4129 1741 4191 comitem
1771 4128 1817 4192 vel
1845 4136 1932 4211 parte

324 4224 451 4308 publiea
476 4232 661 4309 conponant
707 4225 842 4309 Reliqua
867 4233 987 4304 autem,
1015 4234 1170 4311 utsupra
1198 4227 1317 4290 dictum
1348 4237 1409 4307 est,
1441 4229 1479 4291 de
1512 4229 1641 4292 decimis
1675 4235 1705 4292 et
1736 4249 1792 4292 sex
1821 4231 1929 4293 solidis

324 4335 434 4390 eontra
453 4327 616 4391 ecclesiam
638 4328 841 4392 satisfaciant.

424 4428 513 4493 Hecl'
540 4431 666 4494 interim
694 4439 729 4492 ut
757 4430 992 4513 supradictum
1019 4438 1078 4507 est,
1105 4433 1187 4494 inter
1212 4439 1314 4496 cetera
1340 4434 1392 4516 pia
1417 4434 1652 4497 christianitatis
1679 4452 1773 4517 opera
1802 4453 1926 4497 servare

280 4713 308 4753 eo
426 4694 456 4765 k)
478 4697 501 4752 si
515 4696 593 4751 vobis
606 4697 699 4767 placet
711 4697 846 4750 etaudd.
856 4696 881 4750 3.
911 4696 928 4763 (
929 4695 988 4765 Csr.
1002 4714 1086 4766 cupra
1098 4716 1159 4767 cap.
1173 4700 1263 4751 eccles.
1278 4707 1332 4751 not.
1345 4700 1387 4768 9.)
1489 4700 1509 4765 l)
1531 4700 1590 4770 ipse
1604 4698 1712 4753 resl.2.
1805 4701 1844 4758 ml
1866 4707 1930 4754 sunt

325 4776 428 4830 adae.
509 4776 539 4845 n)
560 4777 605 4830 vel
619 4777 667 4829 dia
681 4795 730 4830 om.
741 4775 776 4828 9.·
850 4776 878 4835 ol
900 4776 1067 4831 instante.
1149 4778 1179 4849 p)
1201 4779 1261 4833 eius
1274 4779 1375 4834 addss.
1457 4779 1768 4850 q)alioscxactoresl.
1849 4780 1874 4848 r)
1895 4781 1929 4834 ad

325 4872 409 4926 opera
423 4856 544 4909 omli.
632 4855 656 4925 s)
678 4857 865 4926 itam—73
886 4856 974 4912 tres2.
1069 4857 1091 4926 t)
1114 4858 1212 4913 obtimi
1227 4859 1365 4912 addat.
1452 4861 1481 4929 n)
1502 4858 1727 4929 quantitatem23
1741 4859 1929 4930 unusquisque

325 4935 435 5010 add.3;
457 4937 673 5006 uniuscuiusque
686 4937 776 5007 plebis
789 4939 856 4989 cdd.
866 4936 931 5006 453
955 4939 1031 4991 iuxta
1045 4939 1221 5008 qual.om.7.
1342 4947 1370 5008 v)
1396 4941 1439 4993 vel
1458 4942 1559 4994 donate
1573 4940 1604 5009 23
1625 4940 1668 4994 vel
1687 4958 1742 4994 non
1760 4941 1824 4994 date
1844 4941 1931 4994 omn,

325 5015 360 5086 w)
383 5016 592 5070 omnesadde.
674 5017 700 5085 x)
722 5018 787 5070 dum
803 5017 926 5071 om.2.3.
1007 5017 1037 5087 y)
1060 5018 1194 5072 tunel&
1275 5018 1300 5081 z)
1319 5019 1683 5089 guiffcutur23wifentur5.
1765 5019 1792 5089 a)
1812 5020 1931 5091 guiffa2.

280 5104 308 5145 ee
325 5094 355 5164 b)
376 5095 523 5166 hpilopam
538 5095 695 5150 obad—7.

430 5355 460 5424 4)
485 5355 565 5418 Qaaod
576 5357 692 5410 adetum
713 5367 853 5428 φαείνων,
872 5376 925 5411 nora
938 5359 1036 5428 liquem
1056 5359 1207 5411 solidorum
1219 5375 1264 5411 aco:
1278 5359 1381 5412 mulcta
1397 5359 1419 5411 ii
1428 5358 1476 5427 qui
1493 5360 1612 5412 decim
1622 5361 1690 5414 clare
1703 5362 1843 5431 neglegunt
1863 5363 1931 5415 naul-

326 5453 398 5505 ctcm'
409 5453 532 5506 iubentur
545 5454 572 5505 in
586 5456 673 5525 eapite
684 5457 804 5524 quodam
818 5457 934 5509 incertae
946 5457 1058 5525 originis
1070 5474 1154 5525 supra
1171 5455 1200 5508 C.
1210 5455 1257 5525 87,
1270 5473 1292 5507 c.
1302 5456 1327 5508 3.
1422 5456 1450 5515 bl
1464 5456 1524 5523 Cfr.
1543 5457 1649 5528 Δίνην.
1659 5458 1723 5513 148.
1816 5458 1845 5523 6]
1869 5457 1929 5525 Cfr.

326 5550 470 5620 capitulae.
481 5552 516 5603 de
525 5559 600 5621 part.
614 5550 713 5604 Scraeon.
728 5570 811 5621 acapra
827 5552 912 5623 026,
928 5572 950 5605 c.
961 5552 1005 5606 27.
