4418 6226
889 368 1153 427 CAPITULARIA
1170 370 1353 425 <alt-827.
1866 364 1926 428 277

317 548 455 611 dominis
475 548 618 612 libertate
640 548 798 610 donantur
818 552 854 609 ut
874 547 913 609 ad
933 547 1051 630 gradus
1072 547 1299 610 ecclesiasticos
1319 546 1388 608 iure
1413 550 1673 628 promoveantur,
1695 549 1849 607 statutum
1870 549 1927 623 est,

317 652 406 713 utin
428 656 579 733 potestate
599 650 800 713 dominorum
821 651 989 730 consistat,
1008 656 1117 712 utrum
1137 649 1204 711 illis
1221 647 1391 710 concedere
1412 666 1452 709 an
1475 645 1535 710 sibi
1557 647 1715 710 vindicare
1737 646 1849 722 vehat3
1876 664 1926 708 ce-

318 757 421 815 terum
443 754 560 836 sipost
587 752 816 815 ordinationem
843 751 963 835 aliquid
990 752 1236 835 adquisiverint,
1263 750 1342 813 illud
1370 748 1554 812 observetur
1579 749 1663 831 quod
1690 750 1723 810 in
1749 746 1926 810 canonibus

318 855 358 918 de
378 855 594 918 consecratisl'
609 854 688 917 nihil
709 852 899 918 habentibus
908 856 1116 918 constitutum
1138 853 1216 917 est6
1259 851 1307 916 De
1327 852 1530 916 ecclesiarum
1550 870 1624 914 vero
1642 852 1741 938 servis
1762 851 1925 913 communi

292 958 472 1021 ssententia
494 957 655 1020 decretum
675 962 739 1036 est,
760 963 796 1019 ut
816 957 1040 1040 archiepiscopi
1061 976 1117 1040 per
1130 955 1272 1040 singulas
1284 955 1462 1038 provincias
1482 954 1644 1016 constituti
1659 960 1796 1014 nostram
1819 956 1892 1014 auct
1912 986 1925 998 ·

317 1060 477 1138 ritatem7,
503 1059 693 1143 suffraganei
715 1077 788 1122 vero
809 1059 936 1121 illorum
958 1060 1119 1143 exemplar
1137 1058 1224 1121 illius
1251 1076 1347 1140 penes
1369 1075 1402 1120 se
1421 1056 1571 1133 habeant3
1602 1060 1633 1118 et
1659 1054 1926 1137 quandocumque

318 1160 356 1224 de
383 1161 502 1224 famido
527 1161 676 1225 ecclesiae
699 1160 787 1224 utilis
815 1162 965 1225 inventus
990 1161 1106 1244 aliquis
1132 1160 1326 1223 ordinandus
1354 1164 1412 1236 est,
1439 1161 1473 1220 in
1502 1156 1636 1220 ambone
1663 1158 1731 1239 ipsa
1756 1156 1926 1218 auctoritas

317 1281 424 1325 coram
446 1263 562 1347 populo
583 1263 720 1346 legatur,
741 1268 772 1325 et
791 1281 897 1325 coram
913 1261 1128 1326 sacerdotibus
1139 1262 1189 1326 vel
1211 1282 1317 1325 coram
1336 1260 1483 1325 fidelibus
1497 1260 1584 1323 laicis
1605 1264 1677 1322 ante
1689 1277 1789 1321 cornu
1810 1257 1927 1335 altaris,

319 1366 401 1428 siout
420 1366 454 1427 in
476 1372 584 1428 nostra
604 1365 788 1428 auctoritate
800 1366 993 1444 continetur,
1013 1370 1133 1428 remota
1156 1363 1297 1447 qualibet
1315 1363 1497 1442 calliditate,
1516 1361 1691 1425 libertatem
1712 1366 1927 1442 consequatur

280 1472 349 1531 root
370 1472 447 1530 tunc
468 1466 597 1530 demum
619 1467 657 1529 ad
679 1466 796 1550 gradum
813 1466 1279 1550 ecclesiasticospromoveatur.
1320 1464 1472 1529 Similiter
1492 1482 1619 1546 quoque
1639 1463 1678 1525 de
1699 1462 1747 1525 his
1769 1461 1926 1545 agendum

319 1573 380 1648 est,
402 1589 483 1652 quos
503 1569 574 1631 laici
596 1568 635 1632 de
654 1568 776 1631 tamdia
796 1568 999 1632 ecclesiarum
1019 1569 1058 1631 ad
1080 1588 1186 1631 sacros
1207 1568 1333 1631 ordines
1353 1585 1537 1650 promovere
1560 1567 1731 1640 voluerint3
1760 1563 1865 1627 sedet
1887 1562 1926 1625 de

318 1671 368 1734 his
390 1690 470 1753 quos
490 1671 657 1755 praepositi
678 1671 902 1734 canonicorum
924 1677 979 1733 aut
999 1671 1226 1733 monachorum
1248 1669 1439 1732 ordinandos
1459 1669 1669 1751 expetiverint
1695 1666 1804 1729 eadem
1824 1666 1926 1728 forma

319 1773 473 1836 servanda
493 1779 548 1836 est

420 1875 447 1938 7.
490 1874 650 1939 Statutum
677 1882 738 1952 est,
771 1881 807 1938 ut
841 1875 950 1939 nullus
977 1873 1110 1957 quilibet
1137 1875 1366 1938 ecclesiasticus
1395 1872 1433 1936 ab
1461 1872 1509 1936 his
1533 1872 1675 1954 personis
1700 1891 1750 1934 res
1779 1871 1928 1952 deinceps

280 1977 458 2060 reaccipere
479 1983 675 2060 praesumat,
697 1997 834 2060 quarum
856 1976 945 2040 liberi
967 1984 1022 2040 aut
1032 1977 1202 2060 propinqui
1214 1976 1272 2038 hac
1285 1975 1482 2039 inconsulta⁰
1503 1972 1659 2037 oblatione
1669 1979 1798 2057 possent
1817 1991 1926 2035 rerum

318 2079 516 2163 propriarum
537 2079 729 2143 exheredari.
772 2077 863 2154 Quod
885 2080 913 2142 si
933 2079 1050 2162 aliquis
1070 2079 1217 2162 deinceps
1228 2079 1286 2141 hoc
1297 2078 1398 2141 facere
1414 2076 1627 2161 temptaverit,
1648 2078 1701 2138 utf
1721 2082 1752 2139 et
1768 2073 1927 2158 acceptor‘

318 2179 453 2242 sinodali
474 2179 545 2242 vel⁸
565 2180 739 2262 imperialiss
759 2182 915 2244 sententia
935 2181 1074 2244 districte
1094 2181 1225 2244 feriatur
1245 2182 1295 2243 eth
1317 2199 1368 2244 res
1390 2180 1429 2242 ad
1451 2177 1656 2242 exheredatos
1675 2177 1812 2240 redeant
1822 2178 1834 2215 ¹¹

418 2284 445 2347 8.
487 2281 647 2345 Statutum
668 2289 716 2346 est
735 2285 845 2360 etiarn,
868 2289 904 2346 ut
922 2283 1031 2346 nullus
1058 2284 1092 2345 in
1114 2284 1264 2346 canonica
1289 2287 1345 2345 ant
1364 2281 1499 2365 regulari
1520 2280 1713 2362 professione
1734 2279 1925 2341 constitutus

318 2383 457 2466 aliquem
482 2390 643 2448 tonsorare
664 2390 789 2468 propter
809 2385 1088 2468 resedipiscendas
1101 2385 1248 2467 deinceps
1259 2383 1461 2468 persuadeat:
1485 2390 1517 2446 ct
1537 2384 1593 2465 qui
1614 2382 1926 2464 hocfaeeretempta·

280 2486 414 2564 avent,
435 2486 569 2549 sinodali
589 2486 638 2549 vel
659 2487 814 2569 imperiali
834 2489 989 2551 sententia
1009 2487 1112 2550 modis
1133 2485 1281 2550 omnibns
1302 2486 1440 2550 feriatur.

418 2590 446 2654 9.
488 2587 648 2651 Statutum
670 2594 730 2667 est,
757 2594 794 2651 ut
815 2590 883 2652 sinc
903 2590 1087 2652 auctoritate
1107 2589 1157 2652 vel
1179 2608 1337 2652 consensu
1358 2589 1576 2671 episcoporum
1603 2585 1778 2670 presbyteri
1800 2586 1832 2647 iu
1855 2585 1926 2667 qui·

318 2688 456 2753 buslibet
477 2689 617 2753 ecclesiis
638 2709 697 2752 nec
718 2692 952 2754 constituantur
972 2710 1030 2754 nec
1051 2691 1262 2774 expellantur3
1285 2691 1327 2754 θῖί
1349 2690 1389 2753 sil
1410 2689 1481 2751 laici
1502 2687 1631 2751 clericos
1651 2687 1822 2770 probabilis
1843 2688 1926 2750 vitae

319 2797 350 2855 et
371 2791 530 2859 doctrinae
552 2793 705 2876 episcopis
727 2792 957 2855 consecrandos
978 2794 1110 2876 suisque
1135 2795 1169 2856 iu
1190 2793 1330 2857 ecclesiis
1350 2789 1586 2854 constituendos
1606 2788 1790 2866 obtulerint,
1816 2788 1926 2852 nullal

320 2893 460 2976 quolibet
481 2894 644 2956 occasione
666 2913 719 2956 eos
739 2895 898 2957 reiciant.¹¹

279 3019 307 3059 ss
422 2997 467 3060 10.
508 2995 689 3059 Sanccitum
710 3003 771 3073 est,
800 3001 836 3058 ut
857 2997 1032 3079 unicnique
1052 2996 1202 3060 ecclesiae
1221 3015 1307 3079 upus
1327 3014 1460 3059 mansus
1487 2995 1609 3077 integer
1633 2992 1753 3077 absque
1773 2993 1833 3057 alio
1862 3012 1926 3056 ser·

319 3100 396 3160 vitio
415 3097 628 3177 adtribuatur,
657 3105 687 3160 et
714 3096 890 3181 presbyteri
913 3100 944 3159 iu
968 3099 1013 3161 eis
1034 3098 1197 3162 constituti
1218 3118 1282 3160 non
1305 3097 1344 3161 de
1364 3097 1495 3161 decimis
1523 3114 1629 3178 neque
1654 3095 1692 3158 de
1713 3094 1925 3159 oblationibus

319 3199 473 3277 fidelium,
500 3219 563 3263 non
584 3201 623 3263 de
643 3199 790 3263 domibus
811 3218 916 3282 neque
940 3200 978 3263 de
1000 3201 1099 3263 atriis¹
1129 3201 1178 3263 vel
1207 3200 1305 3263 hortis
1333 3200 1425 3262 iuxta
1448 3197 1612 3262 ecclesiam
1632 3198 1741 3280 positis
1763 3216 1866 3280 neque
1887 3197 1926 3261 de

318 3304 508 3385 praescripto
529 3321 641 3365 manso
662 3301 790 3384 aliquod
811 3302 976 3365 servitium
998 3301 1113 3365 faciant
1133 3309 1256 3385 praeter
1265 3301 1519 3365 ecclesiasticum.
1560 3297 1601 3363 Εῖ
1612 3300 1639 3362 si
1650 3299 1769 3382 aliquid
1790 3300 1926 3383 amphus

319 3402 499 3483 habuerint,
521 3403 594 3467 inde
616 3402 793 3467 senioribus
815 3405 882 3467 suis
903 3403 1045 3468 debitum
1066 3405 1231 3468 servitium
1251 3402 1443 3486 impendant
1948 3413 1949 3416 ’

279 3530 307 3569 so
421 3508 466 3570 11.
509 3505 669 3570 Statutmn
692 3512 753 3581 est,
778 3511 947 3590 postquam
974 3507 1033 3569 hoc
1053 3506 1219 3588 impletum
1243 3503 1368 3584 faverit,8
1390 3510 1425 3567 ut
1447 3521 1657 3586 unaquaeque
1679 3503 1809 3566 ecclesia
1830 3523 1927 3566 suum

318 3606 537 3691 presbyterum
560 3608 688 3688 habeat,
709 3608 764 3671 ubi
787 3608 819 3671 id
838 3607 907 3671 ficri
927 3608 1060 3671 facultas
1080 3606 1263 3691 providente
1280 3608 1425 3689 episeopo
1446 3607 1629 3688 penniserit

423 3712 467 3774 12.
508 3710 689 3774 Sanccitum
711 3716 759 3774 est
789 3710 828 3773 de
844 3711 928 3774 villis
950 3712 1041 3773 novis
1071 3715 1101 3773 θῖ
1129 3709 1268 3773 ecclesiis
1298 3709 1333 3770 in
1361 3707 1480 3771 eisdem
1506 3708 1629 3770 noviter
1656 3709 1863 3788 constructis,
1891 3714 1927 3772 ut

319 3811 460 3875 decimae
481 3812 616 3897 deipsis
637 3812 722 3875 villis
742 3812 781 3875 ad
803 3812 929 3876 easdem
950 3812 1097 3876 eeclesias
1119 3811 1328 3875 conferantur.

422 3916 466 3978 13.
508 3912 555 3978 Βθ
577 3916 673 3977 sacris
693 3915 779 3978 vasis
802 3914 966 3994 ecclesiae,
987 3933 1070 3997 quae
1087 3915 1123 3977 in
1144 3915 1261 3997 pignus
1282 3932 1300 3976 a
1321 3911 1529 3975 nonnullisin
1549 3909 1738 3994 quibusdam
1763 3910 1839 3974 locis
1860 3912 1928 3975 dari

280 4016 549 4097 secomperimus,
577 4014 746 4079 inhibitum
773 4024 821 4080 est
838 4035 879 4093 ne
899 4015 1047 4100 deinceps
1067 4037 1087 4078 a
1107 4035 1267 4098 quoquam
1288 4013 1356 4078 fieri
1377 4018 1612 4097 praesumatur,
1639 4015 1703 4076 nisi
1728 4014 1926 4078 solummodo

322 4118 506 4180 necessitate
527 4117 784 4181 redimendorum
804 4119 1001 4201 captivorum
1022 4116 1254 4202 compellente.⁹

423 4220 467 4281 14.
508 4216 556 4280 Ι)θ
583 4219 723 4282 ecclesiis
746 4239 822 4284 sane
850 4220 1055 4283 destructis¹⁰
1087 4219 1138 4282 vel
1171 4219 1209 4281 de
1244 4219 1338 4280 nonis
1369 4224 1399 4280 et
1428 4217 1593 4281 decimis¹¹
1622 4219 1689 4281 sive
1716 4217 1754 4281 de
1781 4217 1931 4282 claustris

421 4465 449 4533 d)
472 4466 702 4536 consecrandis13
719 4467 906 4522 consecrantis
916 4467 941 4520 7.
951 4467 977 4520 8.
1033 4466 1060 4536 e)
1082 4464 1210 4520 inutilil.
1251 4463 1536 4530 flutetadeaaotfl.
1576 4463 1606 4537 g)
1627 4464 1808 4519 v.i.om.1.l.
1850 4465 1880 4535 h)
1902 4433 1931 4521 ot

320 4547 467 4603 recader.
478 4564 530 4599 orn.
541 4545 567 4598 8.
622 4546 643 4616 i)
665 4546 774 4601 etiamsi
785 4547 809 4601 7.
872 4546 902 4616 k)
921 4547 1043 4600 nulla...
1060 4544 1274 4601 reiciautom.'l.
1333 4543 1354 4613 l)
1371 4545 1477 4599 areis'l.

279 4795 308 4837 ,ο
421 4766 449 4835 6)
475 4766 533 4837 Cfr.
545 4767 647 4836 Spuod.
659 4765 787 4837 Chrtlmp.
799 4767 856 4833 III,
865 4765 916 4821 49:
938 4766 1065 4822 ‘Pueros
1074 4772 1105 4821 ut
1113 4766 1245 4837 episcopi,
1253 4766 1418 4837 presbyteri,
1426 4765 1536 4821 diaconi
1544 4766 1589 4821 vcl
1602 4768 1770 4838 quicumque
1779 4768 1874 4824 clerici
1882 4768 1931 4839 qui

320 4864 873 4936 nihilhahentesordinanturcttempore
883 4864 1111 4936 episcopatusvel
1127 4863 1273 4918 clericatus
1286 4863 1328 4917 sui
1343 4881 1424 4936 agros
1437 4865 1681 4936 volquaceumque
1697 4865 1930 4935 praedianomine
1984 4932 1988 4937 ἢ

320 4981 369 5018 suo
379 4969 548 5034 comparant,
557 4969 698 5034 tamquam
708 4981 799 5018 rerum
809 4962 1009 5017 dominicarum
1027 4961 1175 5016 invasionis
1184 4960 1299 5015 crimine
1314 4967 1468 5034 teneantur,
1475 4961 1536 5026 nisi
1547 4963 1680 5017 admoniti
1691 4963 1824 5018 ecclesiae
1834 4964 1930 5019 cadem

320 5059 380 5130 ipsa
390 5061 572 5116 contulerint?
620 5061 686 5114 l'iac
694 5062 773 5115 darm
782 5079 866 5132 cupra
878 5060 944 5131 Cap
955 5060 1002 5128 81,
1019 5077 1042 5113 c.
1054 5059 1098 5113 11.
1167 5058 1195 5128 7)
1219 5057 1377 5129 Complures
1385 5058 1452 5112 tolca
1460 5060 1633 5112 «victorinae
1646 5061 1721 5112 rzode'a
1733 5069 1853 5115 servatae
1860 5071 1931 5130 aava,

320 5158 402 5210 datae
417 5159 517 5213 scilicet
524 5160 565 5211 ad
577 5159 744 5212 Bemminum
751 5159 775 5210 V
771 5159 976 5212 cumiliacensem
994 5157 1233 5227 archiepiscopum,
1250 5157 1290 5208 ud
1298 5156 1374 5210 Heca
1385 5136 1572 5222 ibenircnsam,
1589 5157 1838 5212 ad1ldulrumaum
1847 5159 1931 5213 Sulca·

279 5254 481 5324 thburqenscm.
507 5253 1817 5325 Qs'r.Milblbuclecr‚‘licqeatendcaKutbmeichaaaterdeuKoroliap‘em'atara.712.713.749.
1845 5257 1931 5310 Unum

321 5351 401 5404 &ilem
418 5353 605 5405 emaciatam
620 5354 649 5406 ia
665 5353 858 5406 additamentis
874 5353 941 5406 cladi
956 5350 1185 5422 infruCap.173.
1218 5350 1462 5404 Munumi'aciouum
1473 5352 1615 5420 sirmundus
1630 5355 1777 5406 madum
1790 5354 1932 5424 boccaput

321 5449 616 5520 cotwcptram'deapmd
623 5443 738 5506 Rozr'ere
746 5453 835 5520 seim.
847 5448 972 5503 71-76.
1035 5449 1064 5517 8)
1087 5449 1148 5501 Hoc
1156 5456 1193 5501 cst
1201 5466 1311 5501 manate
1319 5448 1443 5502 euchaitae
1450 5451 1595 5503 attribuam
1604 5451 1703 5520 famu.
1768 5451 1797 5521 9)
1817 5451 1931 5504 Consen-

320 5554 401 5600 taneo
410 5548 475 5600 hacc
483 5548 608 5600 cantitari
615 5548 758 5617 Roaiam,-
772 5549 825 5616 cfr.
836 5548 941 5600 lotum
952 5548 1064 5617 qn‘torna
1080 5546 1246 5599 consumam
1257 5544 1332 5611 CXI,
1342 5546 1367 5600 8.
1438 5545 1486 5617 10)
1504 5547 1587 5616 Infra
1597 5546 1662 5619 Cap.
1677 5567 1727 5619 per
1739 5551 1853 5603 secerib'.
1863 5568 1885 5603 c.
1897 5549 1931 5603 5:

320 5645 365 5699 De
375 5644 574 5700 restauratione
583 5646 761 5701 ecclesiarum
771 5646 831 5700 rell.
895 5645 943 5715 11)
961 5645 1068 5698 ibsiicm
1473 5664 1479 5671 ·
1532 5668 1534 5673 ·

385 5757 426 5794 nn.
445 5756 630 5796 castrutium
648 5757 666 5796 a
1198 5731 1201 5744 '
1494 5730 1496 5734 ’
1696 5743 1731 5796 36
