4380 6248
846 381 1138 440 CAPITULARIUM
1161 380 1333 436 COLLECT
1351 386 1382 435 0.
1859 379 1919 442 393

308 560 427 642 tatione
447 560 524 640 §52
548 556 691 622 Perteius
702 557 775 637 Leq.
790 557 812 619 I
813 606 822 633 ‚
841 578 876 637 p.
889 559 950 622 266
972 557 1137 633 dissernit;
1156 556 1200 619 ad
1221 576 1258 619 ca
1277 576 1360 636 quae
1381 575 1418 617 ce
1430 554 1505 617 aliis
1520 555 1675 618 codicibus
1692 557 1920 638 manuscriptis

309 663 451 726 novimus
469 660 552 724 nibil
570 661 644 722 novi
663 658 824 723 Heroldus
844 660 947 739 affert.

412 763 573 826 tilianam
593 762 769 841 editionem,
798 762 891 824 cuites
910 759 1068 841 exemplar
1089 764 1305 836 occluserat,
1329 759 1526 823 imnentatam
1544 763 1610 841 lere
1631 761 1733 823 (tenuo
1759 761 1842 841 typis
1862 761 1920 822 im-

304 865 405 946 primi
424 864 548 927 curavit
570 862 708 927 Parisiis
718 867 794 930 1588
808 861 952 927 Petrus
969 861 1170 939 Pithoeus,
1193 861 1343 943 supplens
1353 860 1519 925 Benedicti
1538 861 1612 925 libri
1625 863 1704 925 secti
1719 864 1919 943 posteriorem

287 983 299 1021 ὁ
306 971 428 1047 partem
449 971 477 1030 et
495 966 660 1046 septimum
679 965 793 1029 libnem
817 985 888 1028 cum
898 965 1133 1045 appendicibus.
1177 964 1341 1030 Codicibin
1356 984 1437 1027 usus
1451 969 1495 1027 cst
1508 962 1683 1027 Por-isiacis
1698 968 1779 1032 4635
1794 969 1920 1046 aiens,

309 1068 396 1130 band
410 1088 521 1149 panea
541 1071 646 1130 ufentem
665 1067 815 1147 capitula,
841 1066 1004 1130 Tilianum
1025 1066 1198 1148 exemplum
1219 1071 1357 1143 secutus,
1378 1067 1529 1130 amidam.
1574 1066 1639 1150 Otr.
1661 1066 1800 1144 Bolum,
1828 1088 1920 1147 prae·

308 1170 387 1252 tatio
408 1170 451 1232 ad
471 1168 665 1250 urpitnlaria
688 1171 877 1252 §sois-62,
901 1168 992 1233 Perte
1005 1172 1111 1250 praet.
1133 1169 1177 1232 od
1199 1170 1313 1248 Anseq.
1327 1189 1403 1249 paq.
1419 1172 1486 1236 not.
1504 1172 1573 1235 265.

411 1270 498 1334 Petri
511 1272 631 1336 Pitboei
651 1273 814 1334 olitionem
835 1272 868 1334 in
883 1273 1001 1352 paucis
1011 1275 1166 1334 inunitam
1185 1264 1249 1334 nore
1270 1275 1434 1333 correctam
1452 1269 1600 1350 (Baloie,
1617 1272 1723 1352 praef.
1744 1274 1762 1349 ξ
1774 1273 1813 1337 63
1827 1309 1854 1317 -
1867 1274 1921 1349 (ib)

308 1375 431 1454 repetiit
457 1395 542 1439 arina
559 1379 638 1442 loen
665 1374 906 1437 Franciscus
937 1372 983 1436 Pi
989 1373 1134 1450 tleocus5
1165 1393 1247 1454 quae
1267 1372 1433 1436 Francisci
1457 1371 1577 1436 Pitboei
1600 1377 1672 1454 post
1699 1378 1825 1437 neodem
1853 1375 1921 1436 erius

274 1477 422 1540 rodonem
445 1477 479 1539 in
500 1477 599 1540 lucem
614 1477 735 1557 prodiit
754 1496 840 1538 arceio
853 1479 939 1542 1641).
980 1476 1058 1539 Item
1073 1475 1332 1556 Lindenbroq,
1354 1496 1425 1538 cuni
1445 1476 1577 1539 codicem
1598 1497 1692 1539 sutem
1714 1476 1815 1556 lpum
1836 1478 1920 1538 onti-

308 1599 446 1660 quarum
466 1582 642 1645 ann01613
664 1578 772 1654 oleret,
795 1579 829 1640 in
854 1579 1003 1658 Anseqisi
1022 1582 1051 1641 et
1071 1577 1237 1641 Benedicti
1258 1576 1484 1641 collectionibus
1508 1576 1594 1641 Petri
1617 1577 1736 1640 Pitboei
1758 1578 1921 1641 editionem

308 1686 433 1745 secutus
454 1686 505 1745 est.

411 1783 529 1865 Qimdsi
549 1785 647 1864 iqitur
666 1784 837 1846 areteriores
855 1783 986 1846 editores
997 1783 1147 1864 Anseqisi
1160 1783 1254 1847 libros
1272 1783 1309 1846 in
1326 1782 1650 1859 multismutaocrant,
1672 1784 1921 1860 ‹locusta-verant,

308 1890 481 1962 uenerant,
510 1886 728 1962 turbauerant,
757 1884 905 1951 Batnai
910 1907 955 1949 us
975 1887 1108 1967 denique
1134 1885 1171 1949 in
1195 1885 1302 1966 primo
1329 1884 1556 1965 capitularium
1584 1885 1717 1947 editione
1741 1906 1826 1949 armo
1844 1889 1920 1952 1677

272 1988 421 2051 nernisso
442 1987 692 2052 Fontancllcnsis
714 1988 835 2052 abbatis
855 1993 884 2052 et
903 1988 1068 2052 Benedicti
1088 1988 1214 2052 diaconi
1239 1986 1426 2052 collectiones
1451 1987 1497 2049 ita
1527 1987 1625 2050 edidit
1644 1992 1738 2068 atque
1757 1989 1921 2062 institnit,

308 2093 345 2153 ut
361 2110 469 2170 pauca
488 2094 610 2153 tantum
631 2110 713 2171 qnae
733 2091 894 2153 emaedori
907 2093 1037 2171 possent
1049 2090 1276 2171 posterioribus
1286 2090 1483 2171 relinqueret.
1525 2088 1574 2152 Eo
1593 2110 1671 2152 sone
1691 2090 1816 2166 erravit,
1838 2090 1922 2170 qnod

307 2191 463 2255 nonriulla
482 2192 624 2273 capitula
645 2191 734 2256 libris
753 2193 888 2257 secundo
908 2197 936 2256 et
955 2197 1069 2275 quarto
1089 2213 1251 2274 nonnique
1271 2193 1329 2256 snb
1348 2194 1413 2272 sine
1432 2191 1608 2268 ennoean,
1629 2191 1819 2272 quibusdam
1839 2192 1921 2254 codi-

307 2293 394 2358 cebus
413 2295 547 2357 nimiam
568 2294 662 2375 ticlem
683 2295 832 2372 inibimus,
855 2295 963 2358 minus
982 2299 1062 2358 recte
1082 2295 1236 2372 inseruit,·
1252 2295 1419 2375 praetaea
1436 2314 1469 2357 oo
1487 2314 1616 2374 qnoque,
1636 2297 1672 2357 ut
1692 2293 1816 2374 opinor,
1838 2295 1922 2374 qnod

311 2395 429 2460 Tilion
458 2401 487 2460 et
514 2395 676 2460 Pitlmeum
699 2402 824 2461 secutus
850 2397 1013 2461 Hlotbaoii
1037 2418 1149 2462 noneen
1173 2398 1210 2460 in
1231 2397 1431 2479 praelatione
1467 2400 1495 2459 ct
1521 2395 1557 2458 in
1577 2396 1693 2476 parvis
1716 2395 1867 2459 librorum
1894 2401 1922 2459 et

271 2520 297 2555 n
307 2499 518 2580 appendicum
532 2500 702 2580 prooemiis
720 2500 893 2563 seacudum
912 2500 1028 2564 codices
1047 2497 1218 2580 complures
1229 2498 1346 2562 delenit.
1391 2498 1553 2563 Caeterenn
1562 2496 1772 2577 capitulorum
1781 2498 1921 2561 ordinem

308 2605 337 2665 et
356 2605 473 2665 wiern
491 2601 675 2683 plerumque
703 2602 861 2664 sincerum
886 2602 1037 2679 restitnit,
1065 2601 1206 2683 capitula
1227 2602 1314 2665 unde
1334 2601 1490 2680 fluxerint
1515 2604 1543 2663 et
1567 2620 1649 2681 quas
1674 2600 1710 2662 in
1735 2599 1923 2663 collectiones

304 2704 488 2784 posteriores
508 2704 695 2768 transierint
713 2703 880 2784 ‘inebrqaoit
900 2708 929 2766 et
948 2704 1167 2768 adnotationes
1195 2724 1232 2767 ea
1257 2724 1322 2785 qna
1349 2702 1534 2766 eucednerat
1558 2702 1729 2782 sapacitatc
1754 2722 1922 2783 rerumque

302 2807 422 2887 peritia
441 2806 575 2870 addidit.
625 2804 707 2872 Usus
728 2810 772 2869 est
792 2804 954 2869 Bedueius
974 2806 1075 2869 decem
1095 2811 1123 2869 ct
1143 2827 1250 2870 nonem
1270 2806 1425 2869 codicibus
1441 2804 1683 2884 manuscriptis.
1705 2804 1762 2884 qni
1781 2803 1923 2885 plerique

306 2907 397 2971 bodie
417 2909 511 2972 etiam
534 2912 658 2972 mutiet:
679 2907 841 2989 dequibus
856 2907 955 2971 editor
965 2908 1071 2988 epitin
1087 2908 1289 2991 praefatione
1309 2928 1370 2971 sua
1387 2910 1577 2991 §wo-79.
1621 2907 1663 2970 In
1673 2907 1774 2970 altera
1786 2905 1923 2971 Balneii

271 3028 297 3067 n
307 3009 441 3073 editione
463 3009 608 3074 Petras
628 3010 672 3073 cle
685 3009 854 3074 Obiniac
870 3013 1055 3086 annol'ibO,
1078 3014 1115 3073 nt
1125 3010 1193 3091 ipse
1202 3010 1285 3087 dicit,
1302 3010 1443 3091 priorem
1465 3011 1629 3095 ‘paginam
1643 3029 1699 3094 pro
1709 3009 1845 3094 pagina,’
1856 3030 1923 3071 oer-

308 3110 380 3175 bum
402 3132 465 3192 pro
489 3112 577 3175 verbo
604 3111 815 3175 recuclcridom
846 3113 931 3193 typis
959 3112 1123 3176 mamlaoit
1150 3117 1178 3176 et
1200 3112 1414 3193 paucissimos
1439 3116 1564 3175 tantum
1591 3111 1626 3174 in
1660 3112 1803 3191 marqine
1831 3115 1924 3174 notas

307 3213 431 3277 adiecit.

411 3313 581 3396 Postquam
602 3315 825 3397 Georqiscb,
850 3315 1054 3393 (lanciani,
1078 3314 1225 3382 Walter
1244 3315 1463 3380 Balneiamcm
1475 3316 1625 3396 Anseqisi
1647 3316 1812 3380 editionem
1831 3336 1923 3379 cimu-

308 3422 377 3481 rote
402 3421 536 3499 repetere
559 3422 610 3482 sat
633 3418 827 3495 babuerum,
862 3417 1041 3483 Perteius
1065 3438 1135 3482 eam
1165 3419 1254 3482 noois
1283 3417 1418 3481 auxiliis
1448 3418 1598 3483 adbdritis
1629 3419 1731 3481 claein
1756 3419 1921 3481 recensuit.

269 3537 297 3577 w
315 3518 463 3587 Undecim
482 3519 542 3583 alii
562 3520 678 3583 codices
697 3521 908 3602 manuscripti
930 3525 1055 3602 praesto
1082 3520 1146 3602 ipsi
1171 3521 1314 3601 suerunt.
1358 3520 1510 3600 comen
1529 3519 1685 3584 nmniella
1708 3520 1748 3583 ab
1769 3521 1924 3601 Ariseqeso

307 3621 415 3686 aliena
436 3627 465 3686 et
489 3622 527 3686 in
552 3622 741 3704 quibimdam
766 3627 891 3686 tantum
920 3623 1075 3688 codicibus
1098 3643 1263 3704 perperam
1289 3622 1485 3686 insertaoel
1510 3622 1651 3686 subnata
1679 3626 1758 3685 recte
1783 3622 1922 3698 ¹sustulit,

306 3722 452 3806 sinqulos
481 3723 693 3804 capitulorum
717 3724 859 3788 lectiemes
886 3745 950 3788 non
981 3746 1056 3789 raro
1088 3725 1235 3801 mutavit,
1273 3724 1432 3788 interdum
1460 3726 1601 3787 corrosit.
1655 3724 1796 3789 manen
1821 3744 1922 3804 snpra

307 3845 437 3889 numero
454 3826 560 3906 primo
582 3825 736 3907 insiqnem
750 3827 937 3908 quemcniqne
957 3831 1082 3891 secutas
1101 3831 1153 3904 est,
1177 3848 1268 3908 saepe
1287 3831 1392 3891 antan
1411 3831 1448 3890 nt
1466 3830 1521 3908 tas
1540 3831 1607 3890 erat
1621 3849 1642 3889 a
1655 3827 1835 3890 ledimiibns
1855 3827 1924 3888 eires

307 3929 431 3991 recessit
450 3927 647 4008 alienamque
666 3928 806 3991 codicum
826 3933 943 3993 tentum
964 3928 1119 3994 meliorem
1137 3931 1259 4010 recepit.

269 4044 297 4088 ss
409 4026 584 4092 Nostrae
603 4029 738 4110 deinque
747 4030 878 4095 editioni
889 4051 953 4095 nori
966 4029 1066 4094 multa
1077 4030 1393 4095 annulandarelicta
1406 4034 1505 4095 erant.
1547 4030 1673 4097 Ocelum
1693 4029 1924 4110 manuscriptos

307 4130 363 4212 qui
383 4128 522 4194 Parisiis
545 4133 573 4193 et
594 4128 712 4194 Romae
740 4136 907 4196 servardur
934 4138 962 4197 ct
987 4133 1234 4214 Anseqisianom
1262 4133 1465 4197 collectionem
1491 4135 1648 4196 continent
1674 4153 1778 4196 omues
1799 4132 1924 4212 inspexi

307 4237 336 4296 ct
360 4237 519 4314 qnantum
543 4252 623 4314 opus
654 4233 756 4297 visum
783 4239 828 4297 est
852 4255 923 4298 cum
950 4236 1042 4300 editis
1069 4235 1204 4313 contuli;
1235 4235 1315 4300 alios
1339 4236 1432 4300 ctiam
1456 4256 1556 4317 neque
1579 4256 1601 4297 a
1631 4234 1751 4299 Peste-io
1779 4255 1879 4315 neque
1902 4255 1924 4296 a

308 4334 447 4399 Batueio
467 4333 629 4411 mlbibitos,
650 4355 784 4415 qnorum
806 4337 919 4400 notitia
938 4337 982 4400 acl
1001 4359 1049 4401 mc
1063 4338 1223 4419 puniend,
1245 4337 1400 4419 inspicere
1426 4337 1625 4419 superfluum
1652 4337 1735 4400 dimi
1761 4340 1789 4400 et
1810 4337 1845 4399 iu
1863 4336 1923 4399 brec

301 4436 503 4517 praelatione
521 4435 664 4500 indicare
683 4441 807 4501 tantum
828 4442 878 4501 sot
894 4438 1001 4502 babai.
1045 4438 1265 4520 Oapitulorum
1289 4440 1429 4504 ordinum
1449 4460 1472 4503 α
1495 4438 1614 4504 Perteio
1641 4439 1821 4502 institutum
1852 4460 1922 4501 cmi-

267 4542 427 4603 ocante
447 4543 571 4604 secutus
590 4560 675 4616 sum,
704 4539 827 4603 etiamsi
847 4540 885 4603 de
904 4539 1026 4604 ultimis
1045 4540 1119 4605 libri
1139 4541 1248 4623 quarti
1268 4541 1417 4623 capitalis
1435 4542 1577 4605 dubitari
1597 4544 1708 4621 potest,
1729 4560 1774 4603 an
1798 4541 1862 4602 iam
1883 4539 1922 4601 ub

308 4639 374 4722 ipso
394 4641 548 4722 Arneqiso
567 4646 710 4722 eccerpta
730 4641 810 4719 sint,·
833 4645 949 4705 ιααιααι
971 4642 1138 4721 interdum,
1159 4643 1215 4707 nbi
1234 4645 1407 4708 secundum
1428 4644 1544 4707 codices
1562 4647 1683 4706 nostros
1703 4641 1801 4718 liunt,
1823 4662 1922 4704 enecu-

306 4742 385 4807 dore
404 4742 532 4819 studui,
556 4747 594 4807 ut
614 4744 707 4807 etiam
727 4747 830 4807 leatus
848 4764 871 4807 α
890 4765 937 4807 me
954 4744 1119 4809 restitutus
1136 4744 1282 4827 pendulo
1302 4747 1404 4827 maqis
1423 4765 1520 4827 quam
1542 4743 1730 4808 Perteianns
1750 4744 1794 4807 ad
1812 4744 1922 4825 qenui-

307 4863 422 4909 uorum
448 4843 677 4926 capitularium
701 4848 820 4908 tentum
843 4845 978 4909 accedat.
1030 4846 1071 4909 In
1104 4845 1285 4912 lectionibus
1314 4832 1514 4912 variantibus
1545 4845 1724 4927 callipontis
1750 4844 1921 4910 admodum

301 4964 426 5027 parcus
453 4946 507 5028 sui
533 4965 645 5028 easque
668 4951 792 5009 tontum
820 4947 908 5024 decli,
936 4968 1020 5028 quoe
1039 4949 1084 5012 ad
1104 4952 1221 5013 testum
1243 4949 1500 5013 adumbramlum
1527 4949 1574 5011 vel
1598 4948 1642 5010 acl
1666 4948 1816 5027 Anseqisi
1842 4966 1923 5027 open

307 5048 550 5130 copioscendam
566 5047 645 5130 qnid
657 5050 798 5130 cantare
812 5053 956 5129 possent‚·
975 5069 1051 5112 nam
1066 5070 1203 5131 prorsus
1220 5050 1336 5115 inutile
1355 5052 1451 5128 duni,
1480 5072 1516 5113 oa
1534 5050 1641 5113 omnia
1662 5049 1826 5127 mlnotare,
1850 5051 1922 5132 qui·

306 5149 366 5214 biis
382 5150 570 5230 posteriores
590 5149 718 5214 librarii
737 5169 799 5231 per
820 5149 982 5231 complura
1001 5149 1128 5214 saecula
1147 5156 1265 5215 ίατΐααι
1285 5156 1508 5233 corruperant,
1530 5152 1772 5215 ‹bcurmocrunt
1788 5152 1835 5214 vel
1855 5172 1921 5214 oer-

307 5251 355 5315 bis
373 5252 504 5315 insertis
524 5252 618 5314 ctiam
638 5253 809 5314 osmanni.
855 5253 1005 5333 Ansepisi
1023 5271 1118 5333 opus,
1146 5272 1210 5316 non
1230 5253 1430 5317 obsucrmum
1451 5252 1654 5317 librariorum
1673 5272 1777 5335 nimos
1798 5273 1922 5316 servare

306 5353 426 5418 studui
476 5351 517 5419 lb
535 5352 574 5416 de
586 5354 735 5434 Anseqisi
747 5352 919 5418 collectiores
937 5353 1050 5418 melius
1069 5354 1211 5418 iudicari
1223 5356 1334 5435 possit,
1358 5356 1465 5418 ornuia
1478 5374 1610 5436 eaquae
1629 5355 1719 5435 apud
1738 5352 1920 5418 collectorem

307 5454 422 5520 addito
445 5458 570 5539 (ousiis
589 5455 704 5520 scil-icet
723 5456 852 5533 metrici,
868 5458 1041 5539 praefatio,
1058 5457 1226 5537 preconia,
1247 5456 1460 5538 capitulorum
1479 5456 1608 5534 indices,
1627 5456 1767 5536 capitinu
1784 5456 1921 5535 inscrip-

306 5557 421 5639 tiones)
441 5556 488 5621 nel
496 5560 620 5620 mutata
639 5561 797 5638 apparent
815 5556 929 5622 litteris
949 5556 1082 5638 obliquis
1098 5558 1242 5640 imprimi
1262 5559 1383 5622 cnrooi.
1491 5557 1548 5635 (B.
1563 5557 1591 5635 I,
1604 5561 1679 5640 6973
1703 5556 1738 5619 P.
1752 5557 1780 5634 I,
1794 5561 1880 5636 211.)
