4380 6248
731 383 781 437 ΕΤ
804 380 1019 438 HLOTHARII
1039 380 1303 438 CAPITULARIA
1326 379 1508 443 sla-827.
1868 383 1927 448 371

313 555 447 619 Castello
473 556 644 638 felicitatis,
666 554 839 641 Waliperto
870 557 1017 640 episcopo
1045 555 1280 637 Alsbivetense,
1301 557 1455 623 Vestiano
1480 561 1624 644 episcopo
1653 560 1835 643 suanense,
1861 563 1930 626 Ali·

312 657 398 721 hcdo
418 660 564 742 episcopo
575 658 855 743 Beluae-regense,
877 658 1012 722 Paulino
1024 660 1170 743 episcopo
1178 658 1355 741 Triviense,
1377 661 1470 726 Petro
1489 664 1636 746 episcopo
1658 663 1928 745 Centumoelense,

312 761 437 844 Agatho
463 763 609 846 episcopo
631 760 907 832 Monteferetrano,
933 763 1008 824 item
1030 762 1155 844 Agatho
1182 764 1327 846 episcopo
1355 763 1608 846 Polimartiense,
1641 765 1756 850 Magno
1780 769 1927 852 episcopo

312 865 506 943 Assisiense,
535 863 685 928 liutardo
712 867 857 948 episcopo
879 863 1088 937 Nuceriense,
1116 864 1208 929 Petro
1239 867 1385 949 episcopo
1409 865 1538 930 Lucano
1548 879 1567 947 ,⁶
1593 867 1759 932 Bertoaldo
1780 871 1927 954 episcopo

287 964 475 1047 sLunense,
496 968 679 1052 Agiprando
699 968 845 1051 episcopo
856 965 1054 1048 Florentin0,
1073 966 1272 1050 lomprando
1294 970 1442 1052 episcopo
1461 967 1634 1048 Pistoriae,
1652 968 1841 1035 Theoderico
1863 974 1927 1056 epi-

313 1088 406 1153 scopo
421 1069 609 1149 Perusinae,
629 1069 754 1134 Donato
776 1071 921 1153 episcopo
941 1069 1100 1151 Gallense,
1127 1068 1332 1133 Codemundo
1354 1072 1500 1154 episcopo
1519 1070 1733 1152 luscanense,
1760 1071 1929 1157 Ragiperto

312 1172 457 1255 episcopo
477 1171 691 1248 Rossellense,
711 1168 839 1254 Tigrino
861 1173 1242 1254 episcopoAncomitano,
1266 1173 1416 1256 Agiperto
1436 1174 1581 1257 episcopo
1603 1173 1768 1255 Fanestre,
1789 1174 1930 1241 Iohanne

312 1275 456 1358 episcopo
485 1272 631 1353 Pissane,
664 1273 825 1338 Benenato
858 1275 1004 1357 episcopo
1033 1265 1253 1357 Engubiense,
1287 1273 1376 1359 ano
1411 1277 1558 1360 episcopo
1583 1274 1803 1358 Turcunense,
1836 1276 1930 1342 Petro

312 1377 456 1459 episcopo
481 1375 719 1456 Voluterrense,
755 1375 939 1441 Sebastiano
972 1378 1117 1460 episcopo
1144 1375 1327 1454 licinense,
1361 1375 1530 1440 Dominico
1557 1379 1703 1462 episcopo
1730 1378 1931 1461 Pisaurense,

273 1476 452 1541 roIohanne
472 1480 618 1562 episcopo
638 1476 806 1558 Hcsinate,
831 1477 972 1542 Ieonino
999 1479 1145 1562 episeopo
1166 1478 1446 1553 Tribustabernae,
1475 1480 1620 1544 Gratioso
1645 1482 1790 1566 episcopo
1812 1480 1931 1566 Nepes-

312 1581 392 1660 sine,
418 1578 560 1644 Iohanne
588 1583 734 1665 episcopo
754 1579 957 1659 Tudertinae,
983 1580 1166 1644 Eleutherio
1195 1582 1341 1664 episcopo
1364 1581 1560 1660 Privinatao,
1588 1581 1759 1646 Benedicta
1780 1585 1925 1668 episcopo

311 1683 494 1763 Amerinus,
522 1682 695 1747 Theodosio
722 1685 868 1767 episcopo
894 1682 1138 1759 Mantntriense,
1169 1684 1311 1747 Adriano
1343 1685 1488 1768 episcopo
1519 1683 1724 1766 Salatritano,
1755 1685 1928 1752 Samuhele

310 1785 455 1869 episcopo
476 1783 666 1865 Savinensc,
694 1786 834 1849 Adriano
864 1787 1009 1869 episcopo
1031 1785 1196 1870 signinae,
1224 1785 1338 1849 Cosma
1364 1787 1512 1870 episcopo
1534 1785 1748 1868 Hunranatae,
1776 1787 1925 1853 Maurino

310 1887 455 1970 episcopo
483 1886 667 1965 Urbinatae,
695 1887 831 1951 Walano
863 1889 1009 1971 episcopo
1034 1886 1182 1952 Teatinae
1213 1895 1309 1971 atque
1341 1890 1467 1952 cunctis
1501 1890 1690 1953 venerandis
1721 1889 1928 1974 presbyteria,

273 2014 298 2051 is.
311 1990 428 2053 scilicet
445 1989 586 2053 lohanne
604 1988 888 2072 archipresbytero,
910 1987 1076 2052 Dominico
1091 1988 1291 2073 presbytero,
1313 1989 1447 2073 Georgia
1468 1989 1666 2072 presbytero,
1687 1990 1828 2056 Iohanne
1838 2013 1925 2078 pres·

311 2092 436 2173 bytero,
456 2092 583 2157 Simeon
599 2091 795 2175 presbytero,
818 2091 926 2174 Sergio
938 2091 1134 2176 presbytero,
1155 2091 1305 2175 Gregorio
1317 2091 1521 2175 presbytero,
1542 2092 1712 2157 Benedicto
1734 2094 1925 2179 presbytero,

312 2195 392 2259 Urso
419 2194 619 2278 presbytero,
648 2193 802 2258 Crisentio
828 2194 1029 2277 presbytero,
1058 2193 1186 2258 Simeon
1211 2193 1410 2276 presbytero,
1439 2193 1584 2258 Lubiano
1612 2195 1811 2279 presbytero,
1839 2200 1926 2261 Ana-

311 2299 405 2361 stasio
432 2295 631 2382 presbytero,
659 2296 831 2361 Benedicta
859 2297 1057 2382 presbytero,
1082 2296 1230 2360 Maurino
1262 2296 1459 2381 presbytero,
1486 2297 1569 2360 Urso
1595 2298 1793 2382 presbytero,
1821 2320 1927 2364 coram

310 2401 522 2464 sacratissimo
542 2418 672 2483 corpore
691 2399 864 2464 beatissimi
880 2399 964 2463 Petri
988 2401 1139 2483 principis
1160 2400 1375 2484 apostolorum
1400 2398 1628 2480 residentibus;
1651 2400 1828 2465 astantibus
1848 2422 1927 2485 quo-

273 2522 373 2587 mque
394 2502 580 2566 diaconibus
601 2522 738 2585 quorum
767 2508 844 2564 sunt
873 2503 1021 2565 nomina:
1051 2502 1240 2565 Valentinus
1271 2502 1526 2584 archidiaconus,
1556 2501 1738 2567 Theodorus
1765 2504 1928 2586 diaconus,

309 2603 371 2668 Leo
392 2604 559 2682 diaconus,
586 2605 759 2668 Faustinus
786 2605 954 2674 diaconus,
983 2607 1056 2667 item
1078 2602 1141 2668 Leo
1168 2604 1337 2682 diaconus,
1364 2603 1515 2668 leontius
1545 2605 1711 2685 diaconus,
1738 2606 1928 2690 diversoque

308 2708 407 2788 clero,
428 2708 551 2791 legente
575 2707 735 2771 Theodoro
762 2707 907 2780 diacono,
937 2707 1079 2791 pontifex
1102 2708 1195 2770 dixit:
1225 2706 1308 2771 Cum
1336 2709 1437 2770 simus
1459 2706 1635 2772 dominicae
1659 2707 1760 2792 plebis
1787 2728 1925 2792 superna

308 2811 510 2874 miseratione
529 2817 680 2889 rectores,
710 2809 884 2873 studiosius
911 2829 969 2872 nos
990 2812 1139 2873 convenit
1159 2808 1217 2872 Dei
1239 2810 1393 2893 praesidio
1415 2830 1471 2893 pro
1499 2829 1610 2873 eorum
1636 2829 1761 2894 semper
1784 2811 1923 2895 cogitare

309 2912 425 2989 salute,
456 2931 496 2975 ne
519 2912 703 2976 decreditis
724 2913 878 2991 frustrati,
908 2912 992 2994 quod
1010 2910 1105 2991 absit,
1134 2911 1319 2991 animabus,
1350 2912 1474 2975 insidiis
1495 2912 1618 2994 antiqui
1640 2912 1739 2976 hostis
1762 2917 1836 2976 ante
1856 2932 1924 2976 cm·

271 3017 401 3078 aenium
428 3022 584 3098 pastorem
612 3016 686 3094 (nisi
713 3014 862 3078 succedat
888 3013 1119 3098 praeveniendo
1151 3013 1191 3077 de
1222 3013 1350 3078 offensis
1375 3015 1538 3086 correctio)
1571 3014 1744 3077 districtam
1774 3034 1928 3097 cogamur

309 3117 430 3181 solvero
460 3119 622 3181 rationem.
676 3116 827 3200 Dumque
854 3115 1012 3200 perpendo
1040 3116 1088 3179 vel
1117 3117 1223 3179 animo
1251 3116 1386 3196 reduco,
1414 3123 1533 3199 quanta
1560 3118 1841 3200 circumspectione
1866 3136 1926 3181 nos

309 3225 429 3304 oportet
448 3220 644 3305 invigilando
671 3227 779 3283 cenna
808 3220 858 3282 sui
887 3219 1043 3302 cuiusque
1065 3219 1191 3282 sceleris
1213 3218 1389 3301 nequitiam
1414 3216 1555 3297 obviare,
1574 3228 1606 3281 et
1625 3219 1652 3281 si
1674 3219 1801 3302 qnando
1822 3219 1924 3282 insili·

308 3323 367 3386 erit
386 3322 426 3385 ad
447 3320 676 3405 perturbandas
696 3321 838 3385 fidelium
861 3328 998 3399 mentes,
1024 3321 1181 3385 adiutorio
1204 3339 1342 3403 superno
1362 3321 1440 3383 ictui
1462 3321 1532 3384 eius
1550 3322 1708 3400 resistere,
1735 3320 1827 3384 valde
1849 3340 1925 3384 con·

309 3426 412 3489 cutior
432 3431 527 3509 atque
553 3426 651 3488 nimis
670 3423 813 3503 tabesco,
841 3442 881 3486 ne
900 3424 1081 3506 serpentina
1099 3422 1285 3501 calliditate,
1305 3421 1390 3505 quod
1412 3420 1508 3502 absit,
1529 3422 1663 3486 leviores
1684 3441 1829 3507 quosque
1841 3422 1924 3485 deci-

269 3552 295 3590 a
310 3528 381 3609 piat
422 3525 490 3591 Deo
517 3545 592 3591 vero
614 3527 739 3590 favente
763 3526 1008 3589 sollicitudinem
1029 3527 1153 3588 animae
1161 3525 1183 3604 ,⁶
1203 3527 1253 3608 pio
1285 3544 1352 3606 ore,
1380 3525 1511 3602 mente,l
1535 3525 1643 3588 divino
1670 3525 1833 3587 iuvamina
1853 3523 1923 3587 heti

309 3648 365 3712 pru
391 3628 492 3693 salute
514 3630 680 3693 hominnm
707 3629 852 3692 omnium
882 3627 1047 3691 ostendero
1073 3626 1239 3706 debemus,
1266 3635 1302 3690 ut
1326 3627 1510 3691 inconfus0⁰
1538 3628 1631 3691 vultu
1658 3646 1721 3690 non
1747 3625 1923 3691 defraudo

309 3732 500 3815 cuiusquam
525 3731 662 3815 perculsi
681 3731 832 3795 adsistere
860 3737 988 3793 aeterno
1016 3730 1151 3793 iudicioe
1181 3748 1361 3794 mereamur
1388 3730 1442 3793 sed
1471 3731 1577 3813 potius
1606 3748 1715 3793 rocem
1743 3728 1853 3793 audire
1873 3729 1924 3791 in·

310 3835 486 3916 quientem:
508 3833 634 3918 ‘Euge¹
658 3852 748 3896 serve
766 3832 847 3895 bone
869 3839 900 3896 et
918 3832 1037 3913 fidelis,
1059 3833 1134 3916 quia
1146 3834 1179 3895 in
1200 3851 1302 3916 pauca
1318 3831 1406 3895 fuisti
1427 3831 1543 3911 fidelis,
1562 3850 1658 3915 super
1675 3831 1776 3895 multa
1796 3837 1828 3895 te
1846 3849 1923 3894 con·

310 3938 453 4014 stituam3
487 3937 569 3999 intra
589 3937 621 3998 in
643 3935 796 4019 gaudium
817 3935 937 3997 domini
961 3934 1028 3998 tui.’
1075 3934 1161 3998 Hinc
1183 3953 1322 4016 namque
1343 3941 1391 3998 est
1412 3934 1496 4018 quod
1518 3936 1734 4017 ingemescens
1755 3933 1824 3996 dico
1844 3933 1921 4016 quia

271 4061 297 4101 a
309 4039 416 4122 populi
436 4038 598 4101 christiani
620 4057 676 4122 per
694 4038 872 4121 provincias
893 4044 924 4100 ot
944 4037 1012 4100 loca
1033 4043 1264 4100 commorantes
1279 4036 1373 4100 audio
1387 4043 1505 4100 temere
1525 4044 1635 4100 contra
1657 4035 1827 4099 catholicae
1845 4034 1918 4098 fidei

309 4140 498 4204 documenta
525 4147 557 4204 ct
575 4149 701 4224 patrum
727 4146 844 4203 statuta
874 4158 981 4222 agere,
1009 4140 1093 4222 quod
1122 4145 1313 4222 oportunum
1341 4145 1388 4202 est
1414 4138 1545 4221 spiritali
1572 4139 1729 4221 amputari
1757 4155 1915 4215 mucrone,

309 4261 350 4306 ne
372 4262 461 4326 seges
481 4242 556 4307 boni
577 4243 730 4325 agricolae
751 4244 948 4305 zizaniorum
968 4243 1069 4304 mixta
1092 4240 1295 4304 horrentibus
1315 4239 1471 4303 fructibus
1493 4241 1658 4304 sordescat

342 4521 432 4593 ltcm
458 4521 622 4618 capitula
650 4519 805 4617 predicti
836 4518 1024 4616 pontilicis
1054 4518 1099 4590 (le
1128 4516 1305 4589 ministris
1334 4535 1370 4587 et
1397 4515 1591 4589 ordinibus
1618 4516 1892 4590 ecclesiasticis.

411 4683 437 4745 1.
480 4679 528 4743 Ut
555 4680 765 4761 episcopus
796 4675 1037 4760 approbatus
1069 4694 1189 4759 opere
1220 4675 1436 4739 ordinetur.
1482 4675 1661 4739 Beatissimi
1692 4674 1783 4738 Pauli
1810 4674 1926 4738 discre-

270 4799 297 4838 ιο
309 4783 394 4845 tione
423 4789 518 4865 atque
549 4780 783 4843 annianitione²
815 4781 998 4862 episcopum
1038 4779 1213 4840 consecrari
1246 4779 1376 4840 omnino
1406 4784 1539 4861 oportet,
1576 4776 1813 4840 desiderabilem
1846 4774 1924 4838 boni

309 4886 425 4969 operis,
445 4881 773 4967 inreprehensibilem,
794 4889 825 4944 et
835 4881 968 4963 reliquis
980 4878 1133 4943 omnibus
1143 4879 1396 4963 apparitionibus
1411 4898 1493 4962 quae
1504 4885 1671 4956 secuntur,
1692 4886 1729 4942 ut
1748 4878 1924 4941 doctrinam

308 4984 367 5050 Ilei
387 4987 486 5050 nostri
506 4992 597 5049 ornet
617 4987 650 5047 in
671 4985 839 5063 omnibuS,
860 5003 910 5062 ne,
933 4985 1014 5046 utin
1036 4982 1183 5064 pastorali
1201 4981 1281 5044 libro
1292 4984 1485 5061 continetur,
1506 4979 1925 5044 contradicendusinrenia·

309 5096 368 5152 tur.
416 5086 505 5151 ‘Ab³
534 5088 688 5170 imperitis
721 5087 826 5166 enirn,
858 5087 978 5168 inquit,
1009 5084 1165 5167 pastorale
1193 5084 1411 5167 magisterium
1442 5103 1507 5166 qna
1536 5084 1709 5146 temeritate
1737 5082 1921 5165 suscipitur,

409 5324 436 5396 c)
457 5327 589 5382 lucanae.
650 5324 679 5389 dl
699 5324 906 5395 aequanimiore
918 5331 1011 5379 mente
1020 5324 1127 5378 Menai.
1196 5322 1223 5392 e)
1243 5323 1284 5375 aa
1297 5321 1409 5389 Mansa·
1426 5319 1605 5376 inconfusum
1621 5320 1728 5375 vultum
1743 5337 1800 5375 uon
1811 5318 1928 5375 fraudet

269 5422 298 5462 as
308 5407 342 5462 de
355 5407 518 5478 cuiusquam
529 5406 643 5461 asistere
659 5405 764 5459 aeterni
776 5405 876 5460 iudicis
889 5407 949 5457 cod.
965 5405 1059 5472 Guals.

410 5652 439 5725 r)
459 5650 676 5709 mamasac.
738 5652 768 5721 a)
790 5652 816 5704 1.
830 5652 1081 5724 amasam.
1143 5652 1174 5723 a)
1190 5646 1509 5722 [asemper-21,
1522 5646 1584 5703 aa.
