4418 6226
897 367 1160 426 CAPITULARIA
1181 369 1358 426 814-827.
1869 372 1933 436 265

319 543 457 623 fortasse
477 543 660 607 i'ridi'cti'onis
679 566 829 608 numerus
853 543 1022 608 mendosus
1047 557 1095 609 est
1114 557 1145 609 et
1163 545 1350 610 ‘indictione
1369 545 1437 610 IX’.
1459 547 1630 633 legendum.
1681 551 1828 615 Tradunt
1847 554 1931 616 etaim

322 643 456 709 annales
476 645 702 710 mariammes
721 648 873 727 mi'norea,
893 648 952 731 qui
970 646 1067 710 bonae
1077 646 1166 728 fidei
1182 660 1269 728 snut,
1291 648 1337 711 ad
1356 652 1547 716 annumsslb
1571 651 1669 731 (Mon
1694 655 1799 718 Germ,
1820 655 1887 719 Ser.
1899 658 1930 740 I,

328 748 410 825 mn:
437 747 550 811 ‘Anno
571 750 662 812 tertio
681 749 874 813 Hludovichi
901 749 1021 813 iactum
1041 757 1091 813 cst
1110 751 1279 814 concilium
1305 771 1457 835 magnum
1486 754 1520 815 in
1541 755 1734 839 Aquisgrani
1760 759 1794 819 in
1820 778 1932 823 meuse

322 851 521 932 Augusto,
551 856 581 915 et
605 859 806 936 praeceptum
832 858 894 932 est,
924 857 960 915 ut
987 852 1133 915 monachi
1161 872 1271 917 omnes
1299 872 1432 917 cursum
1452 857 1552 918 sancti
1579 855 1739 921 Benedicti
1767 866 1933 924 cantarent

298 951 433 1015 ⁵0rdine
454 953 608 1036 regulari,
639 960 671 1017 et
691 953 755 1017 duo
776 953 900 1017 codices
919 955 1026 1038 scripti
1053 960 1144 1034 aunt,
1172 975 1258 1018 unus
1281 956 1319 1019 de
1345 957 1411 1019 vita
1436 957 1621 1020 clericorum
1648 965 1679 1022 et
1698 960 1776 1023 alter
1803 961 1842 1025 de
1864 964 1930 1026 vita

323 1073 503 1118 nonnarum
511 1055 526 1119 '.
567 1057 641 1120 Hae
660 1057 868 1120 imatunbnis
886 1058 1107 1120 canonicorum
1120 1070 1150 1121 et
1159 1058 1448 1122 sanctimonialium
1458 1059 1624 1144 formulae
1643 1075 1783 1126 moneritc
1802 1064 1928 1149 quidem

324 1158 509 1242 imperatore
547 1171 712 1244 conceptae
748 1171 779 1222 et
819 1160 859 1222 ab
896 1160 966 1243 ipso
1004 1161 1098 1222 etiam
1132 1172 1244 1244 postea
1284 1162 1485 1242 confirmatae
1521 1175 1597 1225 sunt
1625 1163 1729 1245 (infra
1767 1163 1845 1249 Cap.
1863 1170 1930 1246 138,

323 1285 348 1322 c.
361 1257 409 1344 3),
440 1273 543 1325 tamen
563 1273 688 1325 nostrae
709 1261 935 1346 capitularium
955 1260 1090 1325 editioni
1107 1284 1169 1324 non
1190 1262 1376 1326 coemendae
1396 1263 1456 1326 sed
1471 1264 1674 1328 conm'librum
1693 1265 1929 1332 edi’tionirclin-

323 1362 464 1447 quendae
495 1362 690 1427 uidebantur.
744 1363 861 1427 Editac
891 1364 981 1447 ipsae
1012 1375 1088 1426 sunt
1110 1365 1144 1426 in
1165 1363 1290 1426 Mansii
1311 1365 1512 1428 conciliorum
1535 1366 1712 1433 collectione
1738 1361 1821 1433 tomo⁸
1837 1370 1930 1453 XIV,

286 1465 311 1503 10
473 1501 510 1510 ..

317 1489 394 1550 1²⁰9·
409 1466 707 1630 ljlgsafflimulaffi
735 1570 805 1608 cum
825 1547 922 1609 min&
942 1548 1087 1629 copricae
1107 1559 1223 1625 essent,
1244 1548 1395 1631 pobnbiis
1415 1548 1546 1612 cornilio
1562 1551 1660 1630 flni'to
1681 1553 1820 1635 scriptae
1840 1552 1933 1632 tradi

322 1670 383 1709 non
403 1659 582 1732 potuerunt.
626 1648 832 1726 Quamobrem
852 1670 961 1711 earum
981 1648 1175 1733 eeemplaria
1196 1650 1230 1711 in
1249 1651 1450 1733 imperatoris
1472 1650 1598 1735 palatii>
1620 1651 1761 1734 confecta
1784 1666 1814 1717 et
1830 1657 1929 1718 omni-

322 1750 381 1812 bus
407 1749 654 1834 archiepiscopis
679 1749 714 1812 in
740 1751 871 1835 imperio
908 1752 1086 1814 000011101ιὶ1
1108 1774 1170 1835 per
1192 1753 1320 1833 missos,
1350 1754 1551 1836 imperatoris
1581 1753 1722 1837 aristoles
1749 1757 1930 1838 instructos,

321 1853 511 1915 transmissa
536 1865 617 1914 sunt.
674 1850 768 1915 Tales
794 1851 846 1914 ad
873 1852 1198 1937 archiepiscopos
1224 1853 1435 1938 epistolae,
1470 1867 1535 1918 tam
1567 1855 1613 1919 ad
1637 1881 1688 1920 eos
1717 1859 1775 1942 qui
1798 1859 1929 1922 coricilio

284 1975 309 2013 15
320 1955 481 2036 affuerant
499 1978 593 2039 quam
614 1953 661 2016 ad
677 1953 750 2018 illos
770 1957 830 2039 qui
845 1956 914 2039 ipsi
932 1954 1114 2036 abraam
1136 1955 1311 2039 complures
1331 1958 1365 2019 in
1385 1956 1546 2021 codicibus
1565 1971 1709 2022 sanatae
1730 1972 1814 2040 sunt,
1836 1984 1928 2044 quac,

320 2080 391 2118 cum
417 2057 449 2118 iri
470 2056 592 2120 Pertaii
613 2059 708 2121 etiam
732 2056 865 2121 editiora
895 2057 1053 2142 loquutur,
1082 2056 1309 2121 additamentis
1335 2058 1382 2121 ad
1405 2059 1600 2144 capitularia
1625 2062 1715 2144 infra
1733 2063 1831 2141 (num.
1855 2065 1928 2141 169)

321 2159 448 2220 iiismui.
490 2157 595 2222 Datae
614 2171 690 2221 sunt
708 2160 798 2243 ipsae
818 2158 968 2243 epi'stolae
982 2171 1059 2242 post
1077 2159 1243 2222 concilium
1264 2173 1336 2223 ante
1358 2161 1522 2224 Kalendas
1544 2161 1738 2246 Septembres
1750 2165 1825 2229 817:
1852 2189 1927 2227 nam

320 2260 394 2324 inde
422 2286 443 2322 a
468 2259 625 2323 Kalendis
649 2260 883 2344 Septembribus
910 2261 992 2322 anui
1011 2272 1087 2344 post
1109 2261 1276 2324 conci'li'iim
1305 2264 1496 2347 insequentis
1516 2288 1538 2326 a
1557 2266 1681 2344 m-issis,
1713 2277 1750 2328 ut
1776 2265 1927 2349 epistolae

320 2362 446 2443 docent,
478 2361 700 2446 inquirendum
727 2373 810 2441 erat,
841 2385 883 2423 an
910 2383 1007 2425 nouae
1034 2363 1241 2424 ilira'tutionis
1255 2363 1421 2447 formulae
1445 2367 1480 2428 in
1507 2365 1656 2429 eccleciae
1674 2368 1852 2450 mooinmi's
1876 2369 1927 2432 ob-

281 2476 528 2528 animarentur.

419 2566 537 2629 Eodern
570 2589 653 2629 anno
678 2566 738 2631 816
771 2565 837 2650 lapi
861 2565 1074 2630 canendandae
1105 2568 1171 2629 iam
1205 2591 1333 2652 operam
1361 2593 1480 2633 nauare
1513 2571 1731 2654 imperatorem
1765 2571 1928 2649 uidemus;

320 2670 423 2752 ipsius
443 2668 547 2732 ‘tertio
568 2667 678 2749 ann0’‚
704 2680 741 2730 ut
759 2668 794 2730 iri
819 2669 1022 2751 coemptione
1049 2667 1175 2753 leffium,
1202 2669 1345 2753 capi'tula
1366 2670 1521 2755 quaedam
1549 2671 1639 2755 infra
1662 2675 1822 2738 num.135
1841 2673 1926 2736 edita

319 2768 384 2854 lepi
398 2769 512 2833 addita
529 2781 620 2852 sunt,
640 2793 721 2854 quae
739 2769 833 2833 aliter
850 2782 998 2854 concepta
1019 2783 1049 2834 et
1068 2783 1163 2834 aucta
1181 2773 1216 2835 in
1236 2771 1300 2835 ali'o
1312 2774 1406 2835 ctiam
1419 2773 1596 2858 capitulari
1609 2775 1706 2852 (num.
1722 2776 1793 2855 134)
1812 2797 1922 2839 coaevo

315 2871 384 2954 fere
412 2884 442 2935 et
470 2870 657 2957 Compendii
688 2871 770 2935 edito
798 2871 951 2957 lepunnir.
1011 2872 1072 2935 His
1099 2873 1250 2956 capitulis
1282 2897 1344 2936 non
1378 2874 1475 2939 multo
1498 2888 1574 2960 post
1602 2875 1753 2961 capitulis
1778 2877 1845 2940 818.
1867 2878 1927 2941 819

282 2973 440 3058 allecibus
459 2975 582 3039 additia
600 2975 802 3060 subropatum
823 2986 877 3038 est.

418 3076 476 3139 Ad
494 3101 613 3140 anatim
631 3075 744 3140 11001010
755 3078 813 3142 817
836 3075 1000 3139 Einhardi'
1015 3077 1148 3140 canaba
1166 3091 1302 3142 narrant
1320 3079 1414 3143 iaec:
1435 3080 1628 3163 'generalem
1650 3081 1758 3164 populi
1780 3082 1831 3144 sui
1850 3099 1926 3142 con·

318 3185 450 3241 ventum
469 3180 665 3262 Aquisgrani
685 3198 773 3242 more
792 3178 883 3242 solito
905 3178 1028 3257 habuit,
1058 3181 1093 3241 in
1115 3199 1179 3263 quo
1205 3179 1308 3245 filium
1333 3201 1429 3245 suurn
1456 3183 1702 3265 primogenitum
1723 3182 1926 3246 Hlotharium

318 3283 480 3344 coronavit
500 3287 531 3345 et
551 3282 690 3344 nominis
710 3287 805 3363 atque
824 3281 949 3363 imperii
968 3281 1018 3343 sui
1040 3282 1162 3344 socium
1191 3280 1251 3343 sibi
1278 3281 1454 3359 constituit,
1486 3287 1624 3343 mataras
1645 3299 1734 3363 reges
1754 3280 1926 3363 appellatos

320 3404 421 3447 unum
443 3385 649 3466 Aquitaniae,
680 3382 813 3447 alterum
843 3381 1005 3446 Baioariae
1031 3382 1203 3467 praefecit'.
1249 3382 1558 3447 ordinationem
1586 3383 1766 3467 imperii,
1794 3383 1828 3444 in
1858 3405 1922 3466 qua

280 3505 307 3544 ³⁰
319 3487 396 3551 baec
414 3510 495 3571 quae
515 3487 555 3549 ab
575 3485 738 3549 annalista
757 3485 942 3548 indicantur
961 3485 1065 3549 edi‘cta
1076 3497 1164 3566 sunt,
1182 3508 1267 3548 unus
1287 3483 1385 3547 eadee
1403 3484 1494 3547 nobis
1514 3464 1667 3561 samaiim
1688 3506 1815 3567 eamque
1834 3482 1926 3565 infra

322 3588 428 3656 0136
447 3588 579 3653 edimus.
621 3589 662 3651 In
683 3589 787 3671 ipsius
809 3588 969 3672 prooemio
990 3586 1029 3650 ile
1049 3598 1198 3650 conomtu
1216 3585 1362 3671 yenerali
1385 3587 1431 3648 ita
1451 3586 1545 3649 uerba
1562 3587 1659 3664 fiurit:
1693 3585 1791 3648 ‘Cum
1811 3604 1869 3648 nos
1890 3585 1925 3647 in

319 3690 377 3755 Dei
398 3693 528 3755 nomine
549 3710 632 3754 anno
651 3690 877 3753 incarnationis
888 3686 1018 3752 Domini
1033 3689 1292 3771 octingentesimo
1309 3690 1442 3771 septimo
1455 3688 1592 3766 decima,
1611 3687 1783 3750 indictione
1803 3687 1925 3750 decima

318 3813 466 3877 annoque
488 3793 610 3877 imperii
631 3793 730 3856 nostri
754 3799 883 3874 quarto,
903 3809 1013 3854 mense
1034 3790 1322 3873 Iuliodquisgrani
1342 3790 1456 3874 palatio
1477 3807 1565 3853 more
1587 3789 1677 3852 solito
1703 3809 1828 3852 sacrum
1850 3808 1927 3851 con·

318 3903 449 3959 ventum
475 3905 506 3960 et
536 3895 771 3979 generalitatem
800 3893 910 3977 populi
934 3894 1034 3955 nostri
1059 3898 1185 3977 propter
1212 3891 1438 3955 ecclesiasticas
1474 3890 1526 3953 vel
1552 3892 1649 3954 totius
1676 3891 1799 3974 imperii
1825 3892 1925 3953 nostri

279 3998 469 4061 inutilitates
496 3996 730 4077 pertractandas
750 4013 1032 4078 congregassemus
1053 4001 1084 4058 et
1105 3995 1139 4056 in
1158 3994 1207 4057 his
1227 3993 1427 4057 studeremus
1437 3992 1452 4054 '.

418 4100 458 4161 Ia
478 4099 536 4162 boc
555 4110 705 4162 conventu
724 4098 853 4161 abbatae
872 4098 965 4159 etiam
985 4108 1015 4160 et
1029 4095 1178 4159 amarti·
1192 4096 1375 4180 coiiqrepati'
1388 4107 1491 4175 erant,
1513 4096 1572 4179 qui
1582 4092 1734 4178 praeside
1753 4092 1924 4157 Benedicta

317 4200 500 4263 Amanensi
523 4211 553 4262 et
578 4198 713 4262 Indacsi
736 4198 848 4261 abbate
874 4196 912 4260 de
937 4199 1045 4261 caiisis
1071 4198 1255 4261 monasticis
1288 4209 1318 4260 et
1342 4195 1512 4260 Benedicti
1535 4195 1646 4281 recula
1674 4194 1869 4259 obseruanda
1896 4207 1927 4258 ct

317 4301 496 4387 supplenda
530 4299 758 4380 deliberabant,
800 4323 863 4384 qua
895 4299 934 4363 de
965 4324 999 4363 re
1031 4299 1121 4362 Arda
1155 4299 1355 4384 Smarapdus
1392 4301 1426 4361 in
1462 4300 1526 4362 uita
1555 4297 1723 4362 Benedicti
1755 4299 1859 4382 capite
1884 4300 1927 4363 50

318 4403 496 4484 (ananau,
516 4402 590 4465 ΑΑ.
603 4400 661 4465 SS.
685 4401 753 4465 ord.
769 4400 956 4480 saeclis,
972 4402 1002 4481 l)
1023 4403 1069 4464 itu
1088 4400 1203 4484 refert:
1225 4400 1278 4465 ‘de
1300 4400 1417 4484 quibus
1438 4400 1642 4484 capitularem
1662 4401 1845 4463 institutum
1865 4400 1925 4460 irn-

278 4530 305 4567 10
317 4507 452 4591 peratori
469 4504 722 4568 confirmandum
734 4502 947 4580 (Benedictus)
967 4503 1125 4587 praebuit,
1144 4510 1181 4566 ut
1192 4502 1341 4566 omnibus
1352 4504 1385 4565 in
1401 4522 1498 4586 regno
1520 4522 1578 4566 suo
1593 4503 1704 4585 positis
1724 4502 1926 4565 monasteriis

317 4609 484 4673 observare
505 4609 721 4692 praeciperet.
744 4654 751 4668 .
774 4656 780 4668 .
823 4604 883 4669 Cui
904 4607 1048 4688 protinus
1069 4608 1238 4688 imperator
1248 4624 1414 4668 assensum
1427 4604 1571 4688 praebuit
1591 4605 1847 4687 inspectoresque
1868 4622 1925 4686 per

317 4710 443 4794 singula
463 4710 569 4794 posuit
590 4710 763 4772 ministeria
784 4709 856 4792 qui,
878 4715 986 4771 utrum
1000 4727 1128 4791 eaquae
1139 4710 1226 4770 iussa
1235 4707 1361 4771 fuerant
1379 4709 1424 4770 sic
1435 4706 1691 4785 observarentur,
1709 4704 1923 4788 inspicerent'.

318 4813 387 4877 Hoc
407 4813 668 4876 monasticum
690 4809 917 4894 capitulare
936 4811 970 4872 iri
986 4809 1139 4894 plurimis
1159 4809 1335 4889 codicibus,
1355 4807 1529 4893 10901000.
1550 4807 1718 4872 Benedicti
1736 4807 1923 4892 plerumque

315 4915 505 4993 minatur,
525 4913 680 4994 traditur,
708 4924 738 4975 et
761 4913 797 4975 in
815 4913 883 4975 ei'iia
897 4913 1056 4996 prooemii
1077 4911 1153 4974 baec
1181 4910 1358 4996 1100100000
1378 4910 1546 4973 beantur:
1574 4913 1673 4973 ‘anno
1695 4910 1922 4973 incarnationis

277 5015 437 5079 cidamini
462 5017 561 5079 nostri
586 5015 660 5078 Iesu
689 5014 804 5077 Christi
831 5012 1041 5076 DCCCXVII.
1068 5014 1192 5096 imperii
1222 5031 1295 5076 vero
1320 5013 1538 5095 gloriosissimi
1566 5013 1717 5097 principis
1742 5011 1922 5075 Hludowici

317 5123 444 5199 quarto,
471 5116 525 5180 VI.
547 5116 624 5180 Idus
644 5117 758 5197 Iulias,
786 5136 860 5180 cum
887 5118 919 5179 in
950 5116 1043 5179 domo
1070 5115 1265 5198 Aquisgrani
1299 5116 1422 5198 palatii,
1448 5134 1530 5197 quae
1554 5115 1596 5178 ad
1618 5113 1781 5178 Iatcranis
1806 5113 1925 5177 dicitur

316 5218 445 5282 abbates
467 5219 644 5303 complures
667 5239 732 5282 una
754 5239 828 5283 cum
855 5221 922 5282 suis
947 5218 1137 5282 resedissent
1162 5218 1341 5298 monachis,
1373 5218 1449 5281 haec
1475 5236 1557 5300 quac
1578 5215 1820 5299 subsequuntur
1839 5218 1924 5299 capi-

316 5321 383 5384 tula
403 5323 565 5384 communi
575 5322 706 5385 consilio
717 5341 754 5385 ac
766 5323 833 5405 pari
848 5321 1008 5384 voluntate
1020 5319 1244 5383 inviolabiliter
1264 5319 1491 5403 aregularibus
1502 5319 1681 5382 conservari
1694 5317 1922 5382 decreverunt.

319 5422 503 5506 Oapi'tulare
517 5436 629 5507 postea
650 5423 774 5508 quidem
802 5425 843 5486 ab
862 5425 1050 5508 imperatore
1074 5423 1289 5502 coristi-matum
1316 5433 1375 5503 est,
1401 5433 1439 5485 ut
1455 5422 1521 5485 m'ta
1541 5418 1709 5484 Benedicti
1732 5431 1762 5484 et
1782 5419 1923 5502 fortasse

276 5547 305 5587 io
316 5525 410 5588 enam
429 5523 619 5609 capitularis
633 5525 841 5589 ecclesiastici
857 5525 947 5608 infra
968 5525 1065 5609 (Cap.
1079 5525 1151 5604 138)
1170 5523 1252 5587 editi
1275 5536 1373 5608 caput
1383 5525 1525 5609 qriiiitum
1541 5523 1675 5607 probat,
1698 5523 1738 5584 ab
1755 5522 1922 5586 abbatibus

316 5638 421 5690 tamen
443 5638 472 5690 et
491 5626 653 5690 mmiacbis
672 5629 873 5690 coriaatutum
894 5639 955 5707 cst,
984 5627 1182 5711 qiiarnobrem
1202 5627 1283 5690 inter
1304 5625 1522 5690 additamenta
1548 5624 1630 5688 i'ilem
1651 5623 1806 5710 deleqam',
1826 5626 1927 5688 sicuti
