4380 6248
267 354 330 417 340

270 536 320 599 vel
342 535 415 617 quis
436 533 577 616 aliquam
589 532 659 595 eius
674 536 794 614 partein
811 529 1053 594 detruncaverit.

271 636 332 700 Ut¹
351 636 436 699 enirn
457 635 673 718 conperimus,
692 633 819 695 durnin
841 632 951 695 eodem
965 649 1054 694 sacro

269 737 404 800 concilio
415 737 642 820 perlegeretur,
663 740 950 817 antequamcoram
962 732 1055 796 nobis

269 844 310 905 ab
337 840 447 903 eedem
460 838 594 901 concilio
607 836 739 920 prolata,
758 841 789 899 et
808 835 944 898 necdum
965 854 1054 898 men-

273 963 348 1008 sura
369 939 431 1003 cibi
453 946 484 1002 et
502 945 597 1022 potus
615 943 733 1001 statuta
753 937 893 1012 fuisset,¹
914 936 1055 1020 quidam,

272 1064 387 1128 magna
407 1063 447 1106 ex
469 1048 555 1124 parte
585 1041 671 1103 illam
703 1039 939 1118 detruncantes,
958 1057 1055 1121 quae

271 1149 345 1210 dnm
367 1143 505 1227 capitula
527 1142 704 1205 inconsulte
715 1161 756 1205 ex
778 1160 814 1204 ea
834 1141 1055 1223 transscripse-

272 1255 355 1312 runt.
401 1246 492 1310 Unde
513 1264 642 1308 necesse
662 1250 723 1321 est,
749 1250 785 1305 ut
809 1244 836 1305 si
859 1242 998 1325 aliquem
1020 1243 1055 1304 in

271 1360 328 1415 tua
348 1349 463 1412 diocesi
483 1347 545 1410 tale
564 1346 676 1408 iecisse
696 1346 884 1428 reppereris,
907 1345 1056 1408 huiusce-

272 1453 359 1517 nrodi
380 1452 498 1514 factum
528 1468 633 1511 eoram
655 1446 898 1530 provincialium
926 1453 1056 1509 tuonrm

271 1556 491 1638 episcoporum
511 1555 669 1613 conventu
687 1555 718 1612 et
738 1568 844 1611 coram
865 1549 1056 1632 praescripto

272 1660 371 1721 misso
393 1661 499 1718 nostro
518 1652 678 1715 frustreris
697 1651 835 1715 etbano
855 1651 1057 1728 autenticam,

273 1762 310 1820 ut
324 1757 555 1839 praemisimus,
573 1753 748 1836 diligenter,
764 1754 846 1815 sicut
866 1753 986 1815 missus
1000 1772 1057 1815 no·

273 1865 339 1922 ster
352 1859 397 1921 eis
411 1857 634 1933 insinuaverit,
654 1854 838 1917 transscribi
854 1856 1059 1937 percenseas.t

272 1959 393 2023 Omnes
414 1979 488 2041 ergo
515 1965 588 2020 tuae
614 1957 774 2020 dioceseos
797 1958 934 2040 episcopi
956 1966 987 2018 et
1007 1975 1057 2018 ce-

274 2064 331 2125 teri
353 2062 504 2145 praelatig
530 2079 601 2123 eam
629 2059 772 2142 vigilanti
794 2079 872 2121 cura
892 2059 1057 2122 transscri-

273 2164 362 2241 bere,
386 2163 504 2227 sollerti
527 2161 631 2224 studio
655 2161 845 2244 intelligere,
866 2161 1057 2223 instantissi-

274 2286 344 2329 mae
375 2265 570 2328 assiduitatis
599 2264 749 2326 exercitio
775 2262 929 2326 divinitus
956 2263 1056 2325 adiuti

272 2367 423 2452 operibus
451 2366 596 2449 conplere
625 2366 796 2440 decertent,
826 2371 876 2443 ut,
903 2383 977 2427 cunr
999 2384 1058 2427 nos

274 2471 372 2534 huius
392 2471 436 2533 rei
448 2470 549 2552 gratia
565 2467 774 2550 inquirendae
786 2467 930 2530 ventiuis
942 2465 1058 2528 Kalen·

274 2573 324 2636 dis
337 2569 590 2654 Septembribus,
614 2570 696 2632 sicut
717 2568 818 2631 eidenr
841 2587 929 2630 sacro
951 2573 1059 2630 etnre-

275 2673 420 2737 morabili
451 2670 584 2734 concilio
619 2672 825 2734 meminimus
854 2690 912 2732 nos
939 2669 1059 2732 dixisse

274 2777 430 2853 facturos,
461 2775 577 2836 missos
606 2778 731 2835 nostros
758 2792 815 2855 per
843 2772 1012 2853 imperium
1041 2791 1060 2832 a

275 2876 342 2940 Dee
364 2875 456 2938 nobis
467 2873 629 2937 conlatum
645 2874 918 2951 destinaverimus,
939 2879 1058 2935 remota

274 2977 446 3042 cuiuslibet
467 2975 662 3038 difficultatis
684 2975 895 3056 obpositione,
916 2975 1059 3038 eiusdem

274 3080 455 3144 salutiferae
479 3079 687 3141 institutionis
708 3079 757 3139 et¹¹
780 3077 908 3159 praelati
932 3084 964 3140 et
985 3076 1059 3140 sub-

277 3184 364 3260 diti,¹¹
398 3188 493 3264 prout
527 3179 684 3242 Dominus
721 3180 767 3242 eis
807 3199 899 3262 posse
930 3179 1060 3258 dederit,

275 3285 399 3348 strenui
429 3283 635 3345 inveniantur
663 3288 849 3363 operatores.
901 3280 1059 3356 Quoniam

275 3385 418 3467 diligenti
440 3384 603 3465 indagine,
631 3385 695 3445 vita
723 3385 854 3463 comite,
879 3384 1060 3466 perquirere

276 3486 474 3565 iubebimus,
512 3487 585 3568 quis
618 3484 842 3568 praelatorumi
880 3485 1060 3547 iniunctum

277 3589 337 3652 sibi
360 3589 498 3651 officiiun
522 3592 649 3650 strenue
669 3590 827 3670 peragat,k
858 3587 907 3650 vel
935 3587 1007 3669 quis
1027 3586 1059 3647 in

275 3693 424 3754 claustris
445 3692 671 3753 canonicorum
693 3696 724 3752 et
738 3691 848 3751 ceteris
864 3688 1061 3751 habitationi-

277 3793 339 3856 bus
360 3792 582 3855 construendis
610 3799 640 3855 et
666 3794 698 3853 in
730 3793 916 3855 necessariis
944 3793 1062 3874 stipen-

277 3896 339 3958 diis
373 3897 430 3958 eis¹
467 3893 658 3957 tribuendis¹
702 3900 732 3957 et
772 3895 804 3955 in
841 3892 990 3956 domibus
1022 3892 1060 3955 ad

279 3997 477 4079 receptacula
502 4014 679 4078 pauperum
701 3996 885 4078 reparandis
907 3996 1061 4058 sanctioni

279 4107 405 4162 nostrae
425 4100 582 4181 paruerit,
611 4098 724 4180 quisve
754 4096 874 4160 clerum
895 4117 992 4159 suum
1012 4116 1062 4160 ea-

278 4201 351 4263 denr
373 4201 570 4263 institutione
591 4209 623 4263 et
643 4201 774 4262 caeteris
790 4199 984 4282 spiritalibus
1009 4200 1063 4261 do·

278 4303 436 4365 sumentis
450 4303 606 4365 iustruere
617 4302 788 4374 curaverit,
813 4301 860 4363 vel
883 4302 955 4383 quis
967 4321 1062 4363 cir-usa

279 4404 430 4466 avaritiae
449 4422 503 4466 eos
518 4405 643 4485 quasin
662 4403 775 4466 Christi
793 4403 905 4465 militia
927 4403 1063 4464 rationa-

279 4504 385 4568 biliter
405 4505 487 4567 alere
507 4511 628 4588 poterat
647 4505 828 4588 propulerit.
870 4504 952 4578 (luia
968 4505 1064 4566 unius

279 4608 356 4668 anni
383 4608 521 4689 spatium
549 4607 724 4684 dcdinrus,²
756 4613 791 4669 ut
824 4627 861 4668 ea
888 4626 968 4688 quac
994 4626 1063 4689 pro-

281 4710 379 4772 missa
408 4717 484 4772 sunt
512 4708 632 4791 absque
666 4709 763 4771 ullius
791 4706 984 4770 difficultatis
1009 4727 1064 4769 ex-

281 4812 444 4874 cusatione
465 4811 589 4893 pertici,
620 4809 673 4873 ubi
704 4810 841 4873 necdum
863 4809 946 4871 facta
966 4817 1065 4889 erant,

281 4911 429 4976 facillime
450 4922 586 4995 possent.
633 4913 796 4975 Proindem
823 4913 879 4993 qui
906 4912 964 4973 bec
990 4913 1065 4973 anni

281 5024 422 5097 tempore
442 5016 475 5077 in
498 5015 557 5077 lroc
579 5015 704 5095 negotio
727 5021 852 5076 nostrae
874 5012 1066 5074 admodum¹¹

737 352 1022 409 ADDITAMENTA
1044 352 1098 406 AD
1121 352 1345 410 liLL'DOll'lCl
1369 354 1422 409 PII

1105 529 1217 593 eedem
1238 531 1371 594 concilio
1393 530 1526 614 prolata,
1546 533 1577 592 et
1589 526 1727 590 necdum
1740 543 1890 589 mensura

1105 632 1168 696 cibi
1189 639 1219 695 et
1239 640 1333 716 potus
1353 632 1446 716 plane
1466 637 1584 694 statuta
1600 629 1728 707 fuisset,
1748 627 1890 691 invidi‘*

1105 755 1222 818 magna
1243 754 1285 798 ex
1313 742 1400 818 parte
1425 733 1510 796 illam
1529 732 1769 809 detruncanteS,
1795 748 1890 813 quae-

1106 838 1178 900 dam
1207 837 1346 921 eapitula
1369 834 1549 898 inconsulte
1584 851 1625 895 ex
1655 850 1692 896 ea
1719 831 1890 914 transcrip

1106 945 1224 1003 serunt
1269 938 1361 1002 Unde
1385 955 1514 1001 neeesse
1543 940 1605 1014 est,
1634 940 1671 997 ut
1695 935 1723 996 si
1751 931 1890 1016 aliquem
1914 955 1928 994 s

1105 1042 1138 1103 in
1161 1048 1216 1104 tua
1239 1040 1373 1128 dioecesi
1392 1038 1576 1102 talefccisse
1588 1036 1760 1120 repereris,
1780 1035 1891 1098 huius·

1105 1143 1225 1207 cenredi
1250 1142 1369 1206 factrrm
1384 1160 1489 1203 ceram
1506 1139 1750 1223 provincialium
1761 1143 1891 1200 tuorum

1106 1247 1326 1329 episcoporum
1346 1248 1505 1306 conventu
1520 1250 1551 1304 et
1572 1261 1678 1304 eoram
1692 1238 1893 1324 praescriptis

1106 1348 1213 1410 missis
1250 1346 1366 1408 nostris
1398 1345 1559 1408 frustreris
1591 1351 1623 1407 et
1649 1343 1731 1405 bane
1761 1341 1893 1404 authen·

1106 1451 1217 1525 tioanr,
1257 1453 1294 1509 ut
1321 1447 1561 1529 praemisimus,
1596 1445 1778 1528 diligenter,
1811 1445 1927 1507 sicutro

1107 1551 1195 1612 missi
1228 1550 1328 1612 nostri
1360 1549 1406 1611 eis
1438 1547 1688 1625 insinuaverint,
1724 1544 1890 1609 transcribi

1107 1670 1300 1735 percenseas.
1327 1650 1486 1714 Volumus
1507 1669 1594 1732 ergo,
1617 1654 1654 1712 ut
1673 1667 1786 1711 omnes
1806 1665 1893 1731 prae·

1107 1754 1162 1817 lati
1184 1755 1410 1816 canonicorum
1439 1752 1607 1836 diligenter
1636 1750 1721 1814 illam
1744 1750 1892 1813 trauecti

1107 1855 1201 1933 bant,
1223 1855 1363 1918 studiose
1375 1854 1566 1937 intelligant,
1584 1854 1772 1931 efficaciter,
1794 1872 1893 1936 quan-

1108 1965 1177 2021 tum
1199 1956 1357 2021 Dominus
1384 1959 1431 2020 eis
1459 1976 1550 2041 posse
1571 1956 1706 2034 dederit,
1732 1954 1773 2018 eb
1802 1973 1926 2017 suamc

1108 2059 1377 2142 subditorumque
1404 2059 1572 2122 utilitatem
1601 2076 1695 2141 opere
1721 2055 1893 2139 adimplere

1108 2170 1292 2246 procurent,
1312 2168 1364 2241 ut,
1386 2162 1515 2245 quande
1537 2180 1607 2240 nos,
1629 2162 1713 2223 sicut
1727 2160 1759 2221 in
1783 2176 1892 2221 eorum

1109 2284 1197 2328 sacro
1218 2271 1248 2327 et
1270 2263 1444 2327 venerabili
1465 2262 1598 2326 concilio
1617 2260 1808 2344 generaliter
1828 2278 1892 2321 onr-

1110 2367 1206 2429 nibus
1228 2367 1382 2445 diximuS,
1403 2367 1518 2429 misses
1532 2360 1892 2443 nostroshuiusnegotii

1109 2468 1290 2551 inquirendi
1312 2469 1412 2551 gratia
1433 2487 1489 2551 per
1515 2468 1702 2530 uniuersum
1724 2463 1924 2547 imperiumn

1110 2576 1253 2634 nostrum
1277 2570 1430 2633 Kalendis
1456 2567 1651 2653 Septembris
1679 2566 1823 2629 venturis
1849 2563 1892 2625 di·

1110 2674 1303 2751 rexerimus,
1345 2691 1472 2749 onrnes,
1515 2670 1645 2755 praelati
1684 2667 1830 2730 videlieet
1864 2674 1892 2728 et

1111 2773 1245 2852 subditi,
1265 2775 1356 2836 iuxta
1376 2775 1579 2856 capacitatem
1601 2779 1632 2834 et
1655 2768 1890 2853 possibilitatem

1112 2895 1216 2949 suam,
1244 2862 1351 2938 eadenr
1378 2875 1587 2937 instructione
1613 2872 1774 2936 informati
1800 2880 1893 2954 atquc

1111 2979 1272 3055 instructi,
1306 2977 1458 3041 eiusdem.
1481 2982 1658 3059 operatores
1690 2974 1893 3037 inveniantur
1901 2992 1924 3031 a

1112 3081 1241 3144 suenni.
1284 3077 1441 3154 Quoniam
1466 3079 1607 3161 diligenti
1637 3077 1803 3161 indagine,
1831 3077 1891 3137 vita

1111 3184 1240 3261 comite,
1260 3182 1422 3264 inquirere
1435 3178 1632 3257 iubebinruS,
1650 3179 1789 3261 qualiter
1797 3198 1892 3241 unus

1111 3272 1470 3365 quisqueprielatorum
1491 3283 1704 3345 ministerium
1721 3302 1817 3346 surim
1842 3301 1892 3345 ex·

1111 3385 1210 3468 pleat,
1240 3385 1376 3467 quiditcr
1395 3386 1529 3448 iussioni
1552 3391 1679 3449 nostrae
1696 3387 1730 3448 in
1751 3383 1893 3447 claustris

1112 3493 1144 3549 et
1164 3488 1295 3549 caeteris
1321 3488 1547 3550 canonicorum
1567 3488 1754 3551 necessariis
1778 3485 1925 3549 habita-e

1112 3588 1255 3651 tionibus
1281 3594 1313 3651 et
1338 3590 1369 3651 in
1398 3609 1508 3652 eorrrm
1537 3589 1704 3672 stipendiis
1729 3587 1844 3651 dandis
1866 3594 1894 3649 et

1113 3690 1319 3771 receptaculis
1361 3710 1536 3773 pauperum
1577 3690 1803 3773 praeparandis
1843 3688 1893 3749 ob

1114 3793 1369 3877 temperaverint,
1404 3792 1454 3856 vel
1480 3794 1553 3875 quia
1578 3792 1698 3854 clerum
1725 3812 1822 3855 suum
1850 3810 1894 3853 se

1114 3895 1256 3957 cundunr
1298 3895 1395 3957 huius
1433 3895 1643 3958 institutionis
1682 3913 1829 3957 normani
1868 3902 1894 3955 et

1114 4005 1234 4059 caetera
1258 3996 1411 4080 spiritalia
1420 3997 1570 4060 exercitia
1581 3996 1753 4059 informare
1770 3996 1927 4059 studuere

1114 4101 1170 4174 rit,
1194 4104 1249 4161 aut
1268 4099 1294 4160 si
1318 4100 1391 4181 quis
1412 4117 1508 4181 quern
1529 4117 1653 4178 eorum,
1682 4117 1764 4181 ques
1785 4099 1817 4161 in
1840 4095 1894 4160 Dei

1114 4201 1241 4263 seruitio
1255 4199 1482 4263 rationabiliter
1487 4199 1666 4283 gubernare
1678 4201 1792 4283 potuit,
1804 4218 1893 4262 caum

1114 4303 1263 4365 avaritiae
1279 4301 1433 4365 abiecerit.
1469 4301 1565 4381 eria,
1581 4310 1616 4364 ut
1630 4303 1708 4365 baec
1721 4322 1805 4385 quae
1813 4320 1895 4385 prae

1114 4404 1262 4465 misimus
1290 4402 1412 4486 absque
1434 4404 1532 4467 ullius
1560 4403 1757 4467 difficultatis
1777 4403 1895 4488 opposi-

1115 4505 1200 4567 tione
1220 4506 1252 4566 in
1275 4504 1353 4567 locis
1375 4506 1405 4567 in
1427 4505 1546 4588 quibas
1558 4506 1640 4569 facta
1652 4507 1788 4569 necdum
1812 4517 1927 4570 erante

1116 4606 1182 4668 tieri
1195 4608 1462 4689 opportunissime
1476 4615 1611 4690 possent,
1632 4609 1731 4671 unius
1741 4609 1819 4670 anni
1830 4626 1895 4690 spa·

1116 4709 1212 4787 tium,
1234 4709 1317 4771 sieut
1331 4710 1431 4788 nosti,
1454 4708 1583 4772 adhaec
1597 4709 1779 4792 peragenda
1789 4708 1895 4772 tribui·

1117 4829 1198 4873 nius.
1242 4807 1304 4885 Qui
1326 4829 1400 4873 vero
1413 4811 1471 4873 boc
1488 4830 1597 4874 annuo
1611 4817 1754 4894 tempore
1776 4818 1895 4874 nostrae

1117 4913 1280 4994 immoque
1311 4910 1369 4974 Dei
1411 4913 1547 4976 iussioni
1588 4914 1681 4976 iuxta
1722 4914 1807 4977 vires
1846 4910 1895 4976 ob

1118 5020 1292 5096 temperare
1331 5012 1518 5094 neglexerit,
1559 5016 1705 5093 caeteris,
1748 5035 1788 5079 ue
1827 5013 1927 5078 mlirin

383 5198 406 5265 f)
419 5198 458 5253 Ut
467 5198 758 5253 enirn...transscribi
766 5216 930 5270 percenseas
939 5199 1143 5251 damrrvtineod.
1153 5198 1178 5251 2.
1219 5196 1392 5271 fitquidam
1407 5200 1497 5252 corta!
1538 5199 1568 5272 g)
1578 5202 1651 5254 deest
1660 5201 1685 5254 2.
1727 5202 1759 5270 tr)
1774 5210 1835 5273 etp.
1844 5210 1893 5255 ets.

282 5278 414 5331 datast.
454 5277 592 5341 ildeeot‘l.
633 5279 663 5347 k)
685 5280 823 5350 peregerit
832 5279 857 5331 2.
899 5277 920 5348 l)
940 5279 1072 5332 chruvati.

283 5359 347 5410 cod.
358 5358 383 5411 2.
431 5358 460 5416 nl
482 5360 625 5413 inmodurn
636 5360 757 5413 iussione.
770 5360 792 5413 l.

1115 5277 1154 5347 rn)
1177 5279 1297 5335 Proinde
1307 5280 1356 5351 qui
1365 5281 1419 5335 hee
1428 5298 1575 5350 uaqtaenon
1585 5282 1673 5351 possit
1681 5281 1762 5354 diligi
1770 5284 1863 5336 «hacid
1870 5282 1893 5334 ia

386 5538 415 5608 1)
435 5539 540 5592 auam
556 5539 731 5593 institutione
747 5540 771 5606 1,
791 5540 847 5593 122
866 5540 974 5609 (alumi
988 5540 1035 5594 XI
1042 5541 1069 5607 V,
1086 5541 1171 5612 232),
1194 5541 1255 5595 Vita
1270 5542 1431 5597 leleret'ci
1443 5541 1568 5617 (Scribit.
1585 5540 1627 5613 H,
1644 5540 1704 5596 604
1717 5538 1801 5618 sqq),
1816 5562 1840 5597 c.
1855 5543 1896 5597 28.

285 5616 315 5690 2)
339 5618 575 5673 Iaeaaonicerum
587 5620 939 5692 institutioaelrocepatiam
948 5630 1218 5677 ceaoaaaumnonast.
