4418 6226
967 362 1080 417 LIBER
1100 361 1271 418 TERTIUS.
1864 360 1927 425 427

418 540 463 602 11.
505 533 556 599 De
574 536 746 612 advocatis,
767 537 981 613 vicedominis,
1003 536 1134 600 vicariis
1153 541 1182 600 et
1202 537 1398 600 centenariis.
1440 535 1488 601 De
1507 537 1678 617 advocatie,
1703 538 1926 619 vicedominis,

315 640 441 702 vicariis
463 646 494 703 et
514 641 703 703 centenariis
722 642 845 724 pravis,
868 647 905 704 ut
927 639 1079 704 tollantur
1102 645 1134 704 et
1154 640 1230 704 tales
1251 639 1421 721 eligantur,
1447 640 1558 723 quales
1584 645 1615 703 et
1641 643 1742 704 sciant
1766 647 1798 705 et
1822 642 1923 705 velint

315 744 397 806 iuste
418 762 531 805 causas
553 742 730 806 discernere
750 748 782 807 et
802 743 980 806 terminare.
1021 740 1064 806 Et
1089 744 1116 806 si
1143 760 1249 805 comes
1274 762 1392 825 pravus
1412 743 1564 806 iuventus
1584 741 1695 822 fuerit,
1722 743 1814 806 uobis
1838 763 1925 807 nun-

316 845 418 908 tietur.

290 966 303 1005 s
420 947 464 1011 12.
506 945 555 1008 De
575 943 707 1007 teloneis.
750 943 799 1009 De
818 946 951 1010 teloneis
973 946 1075 1030 placet
1093 946 1200 1026 nobis,
1228 952 1264 1009 ut
1284 947 1416 1029 antiqua
1436 950 1468 1009 at
1498 947 1583 1009 iusta
1603 946 1726 1011 telonea
1746 968 1766 1010 a
1785 949 1925 1032 negotia-

315 1049 436 1113 ton‘bus
456 1050 640 1132 exigantur,
666 1055 731 1112 tam
755 1048 794 1112 de
818 1048 970 1132 pontibus
995 1067 1156 1132 quamque
1179 1049 1217 1111 de
1235 1049 1371 1131 navigiis
1392 1067 1449 1112 seu
1476 1050 1639 1125 mereatis,
1666 1068 1842 1114 novavere
1864 1070 1922 1114 seu

315 1152 448 1229 iniusta,
474 1150 530 1214 ubi
558 1151 608 1214 vel
636 1150 729 1214 funes
757 1151 949 1229 tenduntur,
987 1151 1037 1215 vel
1069 1170 1142 1214 cnm
1175 1150 1313 1214 navibus
1341 1149 1402 1214 sub
1431 1149 1583 1234 pontibus
1608 1153 1761 1215 transitur
1789 1171 1846 1216 seu
1872 1153 1922 1216 his

315 1254 446 1333 similia,
472 1255 507 1316 in
537 1252 656 1336 quibus
677 1252 803 1315 nullum
826 1253 1020 1316 adiutorium
1047 1252 1269 1316 itinerantibus
1290 1258 1492 1335 praestatum,
1520 1253 1665 1316 similiter
1691 1255 1786 1317 etiam
1806 1273 1865 1317 nec
1886 1254 1925 1318 de

315 1357 379 1434 his,
407 1357 463 1438 qui
484 1356 554 1418 sine
574 1355 756 1438 negotiandi
782 1374 879 1418 causa
900 1355 1111 1418 substantiam
1139 1374 1231 1418 suam
1259 1354 1298 1418 de
1328 1374 1393 1418 una
1421 1354 1515 1417 domo
1545 1374 1604 1418 sua
1627 1355 1667 1418 ad
1694 1355 1789 1418 aliam
1810 1363 1866 1419 aut
1885 1356 1925 1420 ad

278 1476 303 1512 10
314 1458 467 1542 palatium
488 1462 544 1520 aut
566 1459 598 1519 iu
622 1459 794 1521 exercitum
818 1457 952 1536 ducunt,
974 1455 1125 1519 toloneum
1144 1454 1330 1518 unwanus
1352 1455 1391 1518 ab
1412 1456 1457 1517 cis
1477 1455 1631 1534 eamear.

417 1562 463 1624 13.
503 1558 551 1621 Dc
571 1557 665 1639 t'alsis
686 1558 823 1622 condis.
865 1558 914 1623 De
934 1559 1021 1623 falsis
1043 1561 1191 1640 monetiS,
1214 1561 1289 1642 qnia
1310 1560 1344 1622 iu
1362 1558 1472 1622 multis
1494 1558 1572 1622 locis
1592 1565 1702 1622 contra
1721 1561 1873 1623 iustitiam
1896 1566 1928 1622 et

314 1669 422 1725 contra
442 1662 580 1725 edictum
601 1661 701 1740 fiunt,
722 1661 871 1725 volumus
894 1668 930 1724 ut
951 1661 1039 1724 nullo
1060 1661 1121 1725 alio
1144 1661 1212 1723 loco
1228 1666 1354 1724 moneta
1377 1661 1417 1723 sit
1439 1662 1499 1724 nisi
1525 1662 1559 1722 iu
1581 1661 1695 1744 palatio
1717 1667 1839 1741 nostr03
1864 1663 1926 1725 nisi

313 1764 393 1827 forte
412 1765 528 1827 iterum
551 1784 569 1826 a
590 1763 682 1826 nobis
704 1764 794 1826 ahter
813 1764 911 1827 fuerit
931 1763 1121 1827 ordinatum.

416 1868 461 1930 14.
504 1862 554 1927 Do
573 1864 775 1927 teriooaaob.
818 1864 865 1929 De
887 1865 1061 1929 heribanno
1083 1866 1244 1942 telumue,
1263 1871 1300 1928 ut
1320 1867 1409 1929 missi
1432 1866 1532 1928 nostri
1553 1864 1685 1929 fideliter
1704 1873 1850 1930 exactare
1870 1867 1923 1930 de·

278 1969 408 2032 abeant
427 1968 548 2051 absque
569 1967 666 2031 ullius
688 1988 839 2051 personae
858 1969 971 2050 gratia,
992 1967 1143 2031 blanditia
1161 1987 1218 2032 seu
1239 1974 1356 2031 terrore
1376 1967 1555 2030 secuudum
1566 1969 1743 2031 iussionem
1765 1973 1925 2032 nostram:

314 2070 345 2132 id
366 2077 413 2134 est
435 2077 471 2133 ut
496 2070 534 2133 de
555 2070 683 2133 homine
705 2069 839 2132 habente
865 2069 961 2132 libras
984 2089 1041 2133 sex
1062 2071 1095 2132 in
1119 2090 1212 2148 auro,
1241 2076 1386 2153 argento,
1408 2068 1556 2143 bruneis,
1585 2077 1780 2148 aeramento,
1810 2073 1924 2154 pannis

313 2174 460 2254 integriS,
489 2171 633 2251 caballis,
660 2171 780 2249 bubus,
809 2173 913 2234 vaccis
933 2171 983 2234 vel
1004 2171 1065 2235 alio
1085 2172 1223 2255 peculio,
1252 2179 1283 2234 et
1305 2190 1422 2235 uxores
1452 2172 1501 2235 vel
1530 2172 1667 2236 infantes
1694 2192 1758 2235 nou
1780 2172 1857 2235 fiant
1875 2173 1922 2235 di-

314 2275 436 2358 spohati
458 2294 514 2358 pro
534 2275 592 2337 hae
614 2294 647 2336 re
669 2274 707 2336 de
728 2292 838 2336 eorum
858 2275 1071 2353 vestimentis,
1098 2276 1230 2358 accipiat
1252 2273 1430 2356 legitimum
1455 2273 1686 2354 haribannum,
1708 2275 1740 2337 id
1760 2282 1808 2338 est
1828 2274 1925 2338 libras

314 2385 385 2440 tres.
432 2375 493 2452 Qui
521 2395 594 2439 vero
622 2395 685 2437 non
710 2374 856 2439 habuerit
881 2376 1017 2459 amplius
1050 2378 1083 2439 iu
1111 2377 1322 2460 suprascripto
1352 2377 1455 2459 pretio
1482 2376 1607 2439 valente
1641 2377 1702 2439 nisi
1731 2377 1827 2439 libras
1853 2383 1925 2456 tres,

277 2479 406 2542 aeolidi
427 2481 556 2562 triginta
577 2478 616 2541 ab
637 2497 673 2540 eo
694 2480 878 2560 exigantur,
898 2478 930 2541 id
952 2484 1000 2541 est
1012 2478 1092 2541 libra
1113 2484 1144 2542 et
1165 2478 1311 2556 dimidia3
1335 2479 1391 2560 qui
1410 2483 1516 2540 autem
1537 2497 1601 2540 uon
1621 2477 1767 2541 habuerit
1787 2479 1924 2560 amphus

315 2583 376 2644 nisi
398 2581 478 2644 duas
498 2579 611 2657 librae,
632 2580 723 2642 solidi
745 2580 867 2658 decem3
891 2581 918 2643 si
941 2600 1013 2644 vero
1034 2601 1132 2644 arnam
1155 2580 1312 2658 habuerit,
1341 2580 1432 2643 solidi
1452 2580 1610 2662 quinque,
1630 2581 1673 2642 ita
1693 2588 1729 2644 ut
1749 2581 1864 2644 iterum
1885 2599 1919 2644 se

315 2684 417 2746 valeat
437 2700 621 2765 praeparare
647 2683 686 2744 ad
708 2679 767 2745 Dei
794 2684 959 2746 servitium
981 2687 1011 2746 et
1037 2683 1077 2746 ad
1098 2689 1238 2747 nostram
1265 2683 1443 2746 utilitatem.
1485 2681 1527 2744 Et
1547 2684 1646 2767 nostri
1674 2683 1763 2746 missi
1790 2688 1923 2746 caveant

315 2791 346 2848 et
365 2785 532 2867 diligenter
552 2787 731 2868 inquirant,
757 2804 798 2849 ne
827 2804 883 2868 per
903 2785 1030 2868 aliquod
1052 2787 1172 2849 mulum
1193 2787 1360 2869 ingenium
1388 2785 1574 2849 subtrahant
1601 2790 1741 2847 nostram
1763 2786 1924 2866 iustitiam,

315 2888 403 2950 alten‘
424 2887 575 2950 tradendo
597 2895 651 2950 aut
671 2888 932 2951 commendando.

278 3006 304 3046 ss
418 2992 464 3053 15.
504 2989 553 3052 Dc
573 3008 667 3050 consu
687 2986 794 3067 repuli.
838 2988 960 3053 Census
986 2989 1115 3072 regaie,
1142 2991 1367 3073 undecumque
1389 2990 1527 3072 legitime
1548 2990 1688 3068 exiebat,
1716 2989 1866 3052 volumus
1887 2996 1923 3052 ut

318 3092 389 3155 inde
410 3092 565 3170 solvatur,
586 3093 653 3155 sive
674 3092 712 3154 de
731 3093 857 3175 propria
876 3111 1010 3175 persona
1031 3094 1168 3155 hominis
1188 3094 1255 3155 sive
1276 3091 1315 3155 de
1336 3091 1440 3155 rebus.

422 3197 464 3260 16.
504 3194 553 3256 Dc
573 3193 677 3256 liberis
697 3192 873 3256 leomiaibtos
893 3212 1006 3255 uxores
1025 3193 1188 3272 fiscalinas
1208 3193 1400 3256 habentibus.
1451 3192 1497 3256 De
1525 3193 1632 3256 liberis
1657 3192 1840 3256 hominibus
1868 3195 1924 3276 qui

317 3317 432 3360 uxores
454 3297 611 3360 fiscalinas
631 3297 749 3379 regiae,
780 3303 810 3358 et
840 3296 878 3358 de
905 3296 1032 3359 sentinis
1053 3296 1159 3360 liberis
1185 3316 1267 3379 quae
1296 3297 1441 3360 homines
1468 3295 1613 3359 similiter
1637 3295 1796 3359 fiscalinos
1821 3297 1925 3378 regios

317 3400 486 3481 accipiunt,
509 3408 543 3461 ut
566 3418 628 3461 non
653 3399 691 3461 de
712 3398 882 3461 hereditate
904 3404 1070 3480 parentum
1094 3398 1142 3461 vel
1165 3399 1204 3460 de
1224 3418 1321 3461 carisa
1332 3419 1391 3461 sua
1403 3398 1583 3480 quaerenda
1604 3415 1661 3460 nec
1683 3397 1722 3460 de
1743 3399 1923 3461 testimonio

279 3518 372 3583 sopra
394 3502 451 3563 hac
473 3520 506 3563 re
526 3501 718 3573 abiciantur;
742 3500 795 3563 sed
817 3500 889 3563 talis
900 3501 994 3563 etiam
1013 3499 1105 3562 nobis
1115 3501 1149 3562 iu
1172 3500 1230 3561 hac
1246 3518 1343 3563 causa
1363 3500 1464 3561 honor
1484 3507 1640 3578 servetur,
1662 3499 1765 3582 qualis
1786 3506 1816 3562 et
1836 3505 1921 3563 ante·

317 3603 495 3666 sessoribus
517 3604 632 3665 nostris
655 3602 782 3684 regibus
805 3601 854 3664 vel
877 3600 1118 3685 imperatoribus
1141 3607 1285 3663 servatus
1306 3620 1376 3663 esse
1397 3603 1623 3682 cognosciturt

419 3706 464 3769 ll.
505 3704 554 3766 De
582 3724 660 3764 curu
685 3703 851 3765 missorum
875 3702 1107 3765 dorainicoram.
1152 3702 1381 3785 Unusquisque
1409 3704 1442 3764 in
1469 3723 1527 3766 suo
1556 3703 1714 3765 missatico
1745 3703 1918 3766 maximam

318 3806 430 3870 habeat
450 3826 559 3870 curam
581 3807 621 3869 ad
644 3805 891 3888 praevidendum
913 3813 943 3868 et
968 3805 1179 3868 ordinandum
1207 3825 1243 3867 ac
1270 3804 1503 3887 disponendum
1530 3805 1705 3867 secundum
1727 3804 1922 3868 voluntatem

317 3906 376 3971 Dei
397 3918 427 3971 et
448 3909 623 3972 secundum
644 3909 818 3970 iussionem
842 3914 990 3969 nostram.

279 4027 306 4066 as
420 4012 464 4075 18.
505 4009 554 4072 Dc
584 4007 773 4087 amacditote
800 4027 822 4069 o
849 4007 954 4069 missis
982 4007 1146 4070 dominicis
1181 4007 1339 4087 facienda.
1381 4007 1540 4072 Volumus
1575 4015 1610 4071 nt
1633 4009 1806 4092 aequaliter
1833 4010 1924 4073 missi

319 4112 416 4173 nostri
436 4112 552 4174 faciant
573 4112 611 4174 de
632 4110 767 4193 singulis
788 4112 908 4188 causiS,
931 4111 997 4173 sive
1018 4110 1056 4174 de
1076 4109 1251 4173 heribanno
1271 4110 1338 4174 sive
1349 4110 1387 4173 de
1407 4110 1537 4174 advenis
1559 4112 1625 4174 sive
1645 4110 1684 4174 de
1705 4112 1836 4174 caeteris
1853 4114 1924 4194 qui·

317 4210 455 4276 bushbet
475 4215 589 4276 causis.
631 4212 678 4275 De
699 4213 831 4275 advenis
853 4212 1002 4276 volumus
1027 4214 1091 4275 iam
1119 4212 1175 4276 diu
1203 4213 1381 4295 coniugatis
1402 4230 1456 4296 per
1477 4212 1603 4296 singula
1622 4212 1706 4284 loca,
1735 4223 1771 4275 ut
1791 4212 1833 4276 ibi
1857 4233 1923 4276 ma-

316 4322 413 4377 noant
433 4323 464 4379 et
486 4317 554 4378 sine
576 4335 672 4378 caiisa
692 4322 723 4377 et
742 4316 811 4378 siue
832 4315 939 4397 aliqua
959 4314 1053 4398 culpa
1072 4334 1136 4377 non
1156 4314 1236 4377 fiant
1255 4315 1361 4392 eiecti;
1389 4313 1515 4397 fugitivi
1535 4333 1609 4378 vero
1630 4316 1714 4379 servi
1736 4322 1767 4378 et
1786 4315 1924 4379 latrones

318 4417 446 4481 redeant
466 4417 504 4481 ad
526 4419 650 4500 propria
684 4436 748 4479 oca.

278 4537 305 4573 ⁴⁰
418 4520 463 4583 19.
505 4515 555 4581 Dc
574 4517 624 4580 his
642 4517 699 4598 qui
725 4517 872 4597 hereticis
898 4517 1010 4581 bahem
1029 4518 1158 4597 repulia,
1200 4519 1355 4582 Auditum
1381 4518 1549 4597 habemus,
1578 4518 1713 4602 qualiter
1738 4525 1769 4582 et
1793 4521 1924 4584 comites

315 4629 348 4685 et
368 4623 420 4684 alii
441 4622 585 4684 homines
607 4623 662 4704 qui
682 4627 789 4684 nostra
810 4619 964 4684 beneficia
984 4620 1099 4684 habere
1121 4622 1268 4685 videntur
1289 4626 1471 4704 comparant
1492 4620 1552 4684 sibi
1574 4622 1776 4704 proprietates
1796 4621 1835 4685 de
1854 4623 1923 4704 ipso

317 4732 423 4787 nostro
446 4723 599 4787 beneficio
620 4731 651 4786 et
671 4723 792 4786 facirmt
814 4723 932 4786 servire
952 4722 991 4784 ad
1012 4724 1097 4805 ipsas
1116 4724 1319 4806 proprietates
1341 4724 1513 4786 servientes
1535 4729 1658 4786 nostros
1678 4723 1717 4786 de
1738 4741 1849 4787 eorum
1869 4723 1923 4787 be-

317 4826 445 4899 neficia,
471 4836 501 4888 et
521 4833 626 4888 curtes
648 4831 773 4887 nostrae
799 4830 963 4887 remanent
982 4824 1123 4888 desertae
1144 4833 1175 4887 et
1203 4826 1237 4887 in
1258 4823 1421 4907 aliquibus
1440 4824 1516 4887 locis
1540 4825 1600 4907 ipsi
1627 4825 1801 4888 vicinantes
1823 4825 1923 4888 multa

318 4927 398 4991 mala
421 4929 587 5011 patiantur.

277 5047 305 5085 ⁴⁵
417 5032 465 5096 20.
505 5030 554 5093 Dc
573 5029 623 5092 his
644 5028 700 5108 qui
719 5028 867 5108 fraudem
886 5028 1012 5108 {odeat
1036 5029 1072 5091 in
1096 5026 1255 5104 reptilibus
1275 5026 1439 5106 terrefactis.
1481 5026 1689 5107 AudivimuS,
1714 5027 1798 5109 quod
1823 5026 1922 5109 aliqui

318 5132 450 5196 reddant
469 5132 659 5196 beneficium
689 5136 830 5194 nostrum
858 5131 896 5192 ad
919 5130 997 5194 alios
1022 5131 1166 5193 homines
1194 5131 1227 5192 in
1254 5131 1493 5213 proprietatem,
1521 5136 1553 5192 et
1574 5131 1606 5192 in
1628 5130 1696 5212 ipso
1717 5128 1829 5211 placito
1851 5128 1923 5192 dato

418 5407 445 5477 a]
466 5418 564 5464 utnon
578 5408 1006 5480 exigenturadd.compl.codd.
1087 5408 1117 5478 b)
1140 5410 1179 5462 ila
1191 5409 1316 5480 pleraque
1320 5429 1332 5477 ;
1347 5409 1518 5478 hairibanno,
1534 5408 1690 5479 hiribauno,
1706 5407 1859 5464 haribanno
1870 5408 1922 5461 alii

316 5488 474 5557 εἰηρτιὶιινω.
548 5489 574 5556 c)
598 5489 689 5559 Capiti
699 5490 839 5543 adimitur
851 5489 879 5540 ia
895 5490 988 5542 codice
999 5489 1184 5542 Noraccataico
1194 5509 1213 5542 a
1223 5489 1340 5543 Buluzio
1351 5489 1488 5543 adhibito:
1502 5489 1546 5544 De
1557 5489 1712 5545 infantibus
1722 5488 1771 5560 qni
1782 5507 1837 5544 non
1849 5489 1919 5542 inra-

317 5576 416 5622 vcrunt
426 5567 596 5624 fidelitatem.
628 5569 672 5623 De
683 5571 727 5624 his
740 5571 786 5641 qui
801 5577 868 5623 tuuc
884 5569 1004 5624 infantes
1016 5569 1129 5624 luerunt
1144 5578 1173 5625 et
1187 5570 1250 5625 aliis
1267 5577 1350 5640 atquc
1367 5569 1429 5624 aliis
1444 5571 1492 5641 qui
1510 5587 1566 5624 non
1581 5571 1742 5626 iuraverunt
1754 5566 1917 5624 fidelitatem

279 5669 306 5709 so
317 5648 419 5704 domno
430 5649 588 5720 imperatori
600 5657 649 5703 aut
659 5668 723 5706 suos
735 5652 864 5719 infantes,
877 5651 959 5705 modo
971 5650 1071 5708 iurant.
1103 5651 1162 5720 (lfa.
1174 5669 1259 5722 aspra
1268 5667 1328 5720 cap.
1339 5650 1356 5703 8
1367 5658 1392 5703 tt
1404 5669 1470 5722 pop.
1483 5649 1539 5705 124
1550 5659 1604 5704 aot.
1616 5670 1641 5710 o.
