4380 6248
776 392 1037 452 CAPITULARIA
1056 394 1236 453 MAIORUM
1257 395 1394 454 DOMUS.
1849 397 1890 460 25

283 575 452 639 consilium
482 575 656 656 dedissent,
691 574 849 658 quomodo
877 575 929 638 lex
957 573 1018 639 Dei
1043 582 1074 639 et
1099 575 1327 640 aecclesiastica
1358 576 1474 661 relegio
1502 582 1720 662 recuperetur,
1747 599 1829 663 quae
1855 581 1887 643 iu

284 677 397 741 dicbus
422 678 662 761 praeteritomm
688 678 868 761 principum
896 677 1046 760 dissipata
1070 678 1206 758 comuit,
1239 685 1270 741 et
1297 678 1433 762 qualiter
1464 679 1601 763 populus
1632 680 1824 744 christianus
1849 681 1887 744 ad

285 779 419 843 salutem
440 780 565 842 animae
584 781 748 864 pervenire
770 780 869 862 possit
889 785 920 842 et
939 778 1107 862 perfalsus
1129 779 1304 843 sacerdotes
1327 779 1475 864 deceptus
1496 800 1561 844 non
1582 789 1693 865 pereat.

390 883 417 945 1.
459 880 501 944 Iit
519 900 576 964 per
596 881 764 945 consilium
786 880 984 944 sacerdotum
1006 885 1037 943 et
1056 881 1244 964 optimatum
1270 900 1415 945 meorum
1435 882 1652 947 ordinavimus
1672 903 1728 968 per
1747 885 1889 948 civitates

251 985 460 1066 aepiscopoS,
486 988 516 1046 et
537 983 760 1046 constituimus
788 1001 884 1065 super
910 1000 964 1045 eos
985 982 1253 1066 archiepiscopum
1274 982 1469 1047 Bonifatium
1495 985 1551 1068 qui
1577 992 1625 1048 est
1650 986 1767 1049 missus
1789 987 1887 1049 sancti

285 1082 379 1148 Petri.
421 1083 598 1148 Statuimus
618 1103 674 1168 per
694 1103 794 1147 annos
815 1083 958 1166 singulos
981 1083 1141 1164 synodum
1161 1103 1367 1169 congregare,
1387 1092 1425 1149 ut
1445 1085 1538 1150 nobis
1558 1085 1776 1169 praesentibus
1796 1106 1889 1149 cano·

284 1205 363 1250 num
380 1186 505 1250 decreta
519 1192 551 1249 et
568 1185 736 1249 aecclesiae
751 1186 822 1249 iura
838 1190 1056 1274 restaurentur
1070 1192 1102 1248 et
1117 1186 1232 1269 relegio
1248 1187 1418 1251 christiana
1433 1187 1626 1251 emendetur.
1668 1187 1710 1251 Iit
1728 1187 1888 1252 fraudatas

285 1289 436 1373 pecunias
456 1286 659 1352 ecclesiarum
681 1286 820 1351 eeclesiis
840 1288 1038 1351 restituimus
1051 1293 1083 1350 at
1098 1287 1301 1351 reddidimus
1342 1287 1451 1353 Falsas
1471 1288 1659 1372 presbiteros
1681 1295 1712 1352 at
1731 1288 1888 1353 adulteros

286 1390 335 1455 vel
355 1389 558 1454 seminatores
580 1389 728 1453 diaconos
749 1395 781 1453 et
799 1389 929 1453 clericos
950 1388 989 1452 de
1008 1390 1152 1472 pecuniis
1168 1389 1371 1454 ecclesiarum
1392 1390 1582 1454 abstulimus
1595 1396 1627 1454 et
1647 1390 1888 1472 degradavimus

240 1519 267 1557 ιο
286 1501 316 1556 et
336 1492 376 1556 ad
398 1493 622 1575 poenitentiam
643 1493 812 1575 coegimus.
1420 1542 1423 1548 .
1619 1576 1622 1582 .

384 1595 412 1659 2.
453 1593 560 1658 Servis
580 1591 641 1657 Dei
661 1594 844 1677 peremnia
871 1592 1019 1657 omnihus
1039 1598 1232 1657 armaturam
1259 1598 1382 1677 portare
1409 1592 1460 1656 vel
1485 1611 1626 1677 pugnare
1656 1601 1711 1656 aut
1738 1594 1772 1656 in
1798 1612 1889 1657 exer-

285 1698 384 1759 cittun
411 1704 443 1760 et
469 1697 503 1758 in
528 1696 650 1759 hostem
677 1713 805 1779 pergere
833 1696 961 1758 omnino
989 1694 1224 1778 prohibuimus,
1250 1696 1336 1758 nisih
1362 1694 1408 1757 illi
1436 1694 1653 1757 tantummodo
1681 1695 1737 1777 qui
1764 1702 1890 1778 propter

285 1797 430 1861 divinum
457 1799 690 1877 ministerium,
718 1799 887 1861 missarum
911 1797 1029 1860 scihcet
1056 1796 1208 1860 solemnia
1238 1795 1427 1880 adinplenda
1452 1801 1483 1860 et
1508 1803 1689 1860 sanctorum
1717 1798 1889 1880 patrocinia

285 1899 436 1984 portanda
456 1899 495 1962 ad
516 1899 576 1962 hoc
596 1899 686 1965 electi
707 1906 789 1962 sunt
832 1898 870 1962 Id
890 1905 1061 1962 estunam
1079 1898 1130 1962 vel
1151 1898 1231 1962 duos
1251 1900 1413 1981 episcopos
1426 1917 1501 1961 cum
1521 1898 1689 1982 capellanis
1709 1898 1888 1982 presbiteris

239 2029 267 2069 ιι
285 2003 428 2085 princeps
450 2020 558 2065 secum
578 2000 707 2080 habeat,
736 2007 766 2064 et
792 2002 1016 2083 unusquisque
1041 2001 1216 2082 praefectus
1243 2019 1347 2063 uuum
1374 1997 1600 2082 presbiterum,
1628 2001 1684 2083 qui
1705 2000 1887 2063 hominibus

285 2109 410 2187 peccata
430 2102 653 2166 confitentibus
680 2102 819 2166 iudicare
847 2109 877 2166 et
897 2103 1036 2166 indicare
1058 2104 1280 2186 poenitentiam
1307 2103 1454 2185 possintl.
1497 2101 1630 2165 Necnon
1651 2107 1681 2165 et
1701 2100 1771 2165 illas
1792 2121 1887 2165 vena·

285 2206 385 2268 tiones
407 2212 438 2267 et
458 2204 616 2268 silvaticas
641 2205 824 2288 vagationes
849 2224 922 2268 cum
948 2203 1081 2267 canibus
1107 2204 1257 2267 omnihus
1278 2204 1377 2267 servis
1399 2200 1458 2266 Dei
1480 2203 1718 2281 interdicimus3
1745 2203 1889 2267 similiter

285 2316 321 2373 ut
341 2314 517 2390 acceptores
541 2313 572 2371 et
592 2307 770 2369 walconesl
791 2325 855 2369 non
879 2305 1021 2369 habeant.

383 2411 411 2475 3.
455 2407 674 2473 Decrevimus¹
689 2427 817 2491 quoque
830 2407 1032 2471 seeundum¹¹¹
1050 2408 1210 2487 canones¹‚
1226 2413 1263 2470 ut
1276 2408 1499 2491 unusquisque
1511 2406 1664 2490 presbiter
1677 2407 1711 2469 in
1726 2408 1888 2490 parrochia

239 2538 267 2577 ro
285 2509 428 2573 habitans
449 2512 595 2594 episcopo
609 2509 769 2573 subiectus
783 2511 824 2573 sit
843 2509 888 2572 illi
909 2511 943 2572 in
963 2511 1056 2573 cuius
1071 2509 1233 2593 parrochia
1248 2509 1380 2588 habitet,
1401 2514 1432 2572 et
1453 2527 1576 2592 semper
1594 2509 1624 2570 in
1648 2507 1888 2592 quadragesima

285 2613 436 2675 rationem
466 2619 496 2675 at
525 2611 667 2675 ordinem
695 2612 861 2674 ministerii
882 2612 950 2692 sui,
985 2613 1052 2674 sive
1079 2610 1118 2674 de
1143 2610 1297 2694 baptismo
1326 2611 1393 2674 sive
1425 2610 1463 2674 de
1485 2609 1548 2673 fide
1575 2610 1726 2673 catholica
1754 2611 1822 2674 sive
1849 2609 1887 2673 de

285 2713 429 2797 precibus
449 2720 481 2777 et
501 2713 610 2776 ordine
631 2714 814 2790 missarum,
835 2714 979 2796 episcopo
996 2712 1106 2776 reddat
1123 2719 1154 2776 et
1175 2712 1325 2776 ostendat.
1368 2709 1409 2774 Et
1423 2711 1689 2795 quandocumque
1704 2713 1773 2775 iure
1794 2731 1887 2775 cano·

285 2816 355 2878 nico
375 2817 541 2898 episcopus
564 2816 735 2877 circumeat
755 2815 949 2897 parrochiam
971 2815 1104 2898 populos
1128 2814 1167 2877 ad
1182 2813 1430 2889 confirmandos,
1451 2813 1605 2897 presbiter
1617 2833 1741 2897 semper
1760 2820 1887 2896 paratus

285 2919 325 2980 sit
345 2916 385 2980 ad
414 2915 652 3000 suscipiendum
677 2917 858 3000 episcopum
880 2935 954 2979 cum
979 2916 1161 2980 collectione
1182 2922 1213 2980 et
1239 2917 1393 2980 adiutorio
1420 2915 1528 3000 populi
1555 2920 1612 2999 qui
1638 2914 1682 2979 ihi
1708 2914 1885 2978 confirmari

239 3047 267 3088 rs
285 3018 384 3083 dohet.
426 3017 468 3082 Et
491 3020 526 3081 iu
554 3037 632 3081 cena
650 3015 780 3080 Domini
803 3037 927 3102 semper
948 3038 1067 3081 novum
1088 3019 1204 3081 crisma
1223 3017 1262 3079 ab
1284 3019 1429 3101 episcopo
1453 3027 1596 3100 quaerat,
1629 3026 1665 3080 ut
1685 3019 1887 3100 episcopum¹¹

285 3123 371 3185 testis
392 3120 523 3184 adsistat
544 3120 694 3183 castitatis
715 3126 746 3182 et
766 3121 850 3183 vitae
872 3128 903 3183 et
922 3118 995 3183 fidei
1018 3127 1048 3183 et
1070 3119 1229 3183 doctrinae
1248 3120 1340 3184 illius

383 3224 412 3288 4.
455 3221 644 3300 StatuimuS,
667 3225 702 3283 ut
718 3221 894 3284 secundum
912 3223 1096 3285 canonicam
1107 3221 1260 3285 cautelam
1274 3240 1384 3284 omncs
1394 3220 1619 3304 undecumque
1631 3222 1887 3303 supervenientes

284 3326 406 3409 ignotos
432 3324 595 3407 episcopos
621 3322 669 3385 vel
690 3322 879 3405 presbiteros
903 3331 975 3386 ante
1001 3323 1216 3407 probationem
1245 3322 1430 3404 synodalem
1455 3324 1489 3385 in
1518 3323 1765 3386 ecclesiasticum
1794 3325 1887 3386 ruini-

284 3428 414 3491 sterium
436 3445 501 3489 non
522 3425 768 3488 admitteremus

235 3556 266 3597 ao
382 3530 411 3592 5.
454 3525 678 3606 Decrevimus,
710 3533 745 3589 ut
771 3527 947 3589 secuudum
974 3545 1111 3589 canones
1140 3527 1363 3609 unusquisque
1391 3527 1556 3609 episcopus
1584 3527 1616 3589 in
1642 3546 1701 3590 sua
1726 3527 1888 3610 parrochia

217 3692 223 3703 ,
284 3629 526 3693 sollicitudinem
549 3627 708 3707 adhibeat,
734 3628 904 3691 adiuvante
930 3629 1081 3711 gravione
1102 3629 1157 3710 qui
1184 3628 1329 3691 delensor
1357 3627 1505 3692 ecclesiae
1527 3636 1587 3706 est,
1613 3637 1649 3692 ut
1669 3629 1806 3712 populus
1827 3626 1886 3691 Dei

283 3732 431 3815 paganias
452 3751 516 3793 nou
537 3730 642 3808 faciat,
670 3729 725 3792 sed
746 3735 782 3792 ut
802 3749 912 3794 onrues
934 3731 1123 3813 spurcitiasl
1144 3730 1327 3812 gantihtatis
1349 3729 1463 3793 abiciat
1482 3737 1513 3793 et
1533 3737 1677 3813 respuat3
1704 3732 1772 3795 sive
1792 3732 1887 3793 sacri·

282 3832 353 3897 ficia
374 3839 573 3897 mortuorum
595 3834 661 3895 sive
683 3831 845 3915 sortilegos
867 3831 917 3895 vel
939 3831 1063 3895 divinos
1084 3833 1150 3894 sive
1172 3831 1344 3896 filacteria⁸
1364 3839 1394 3894 et
1415 3833 1547 3915 auguria
1568 3834 1636 3896 sive
1656 3833 1886 3895 incantationes

283 3937 349 3999 sive
370 3936 488 3999 hostias
509 3934 740 4012 immolatitias,
771 3953 851 4016 quas
879 3933 966 3997 stulti
992 3934 1136 3997 homines
1164 3935 1255 3997 iuxta
1283 3933 1430 3997 ecelesias
1450 3935 1515 3997 ritu
1542 3952 1665 4017 pagano
1685 3933 1807 3997 faciunt
1827 3932 1886 3996 sub

236 4066 265 4106 ss
283 4039 411 4101 nomine
438 4042 619 4101 sanctarum
640 4043 817 4115 martyrum
844 4035 893 4099 vel
922 4035 1155 4111 confessorum,
1182 4033 1287 4099 Deum
1315 4042 1346 4099 et
1371 4054 1447 4099 suos
1472 4045 1596 4098 sanctos
1624 4035 1664 4098 ad
1691 4035 1885 4098 iracundiam

283 4144 502 4222 provocantes,
522 4140 589 4201 sive
610 4137 680 4200 illos
701 4137 867 4220 sacrilegos
888 4139 992 4221 ignes,
1014 4137 1099 4221 quod
1114 4136 1189 4200 nied
1208 4136 1301 4218 fyr⁰⁹
1322 4144 1451 4217 vocant,
1477 4139 1544 4200 sive
1566 4156 1696 4217 umnec,
1718 4155 1887 4220 quaecum·

283 4260 344 4324 que
365 4242 444 4321 siut,
465 4259 661 4324 paganorum
683 4238 918 4303 observationes
940 4239 1125 4323 diligentem
1146 4238 1340 4322 prohibeant.

383 4345 409 4409 6.
451 4342 626 4406 Statuimus
647 4341 807 4420 similiter,
837 4350 873 4405 ut
893 4349 963 4426 post
990 4342 1072 4405 hauc
1094 4342 1268 4423 synodum,
1297 4342 1417 4424 quae¹0
1436 4340 1497 4404 fuit
1517 4339 1574 4403 XI.
1599 4338 1758 4403 Kalendas
1777 4338 1886 4415 Maias,

282 4450 317 4507 ut
339 4445 486 4528 quisquis
507 4462 671 4506 servorum
693 4440 751 4505 Dei
773 4443 822 4505 vel
851 4443 1037 4507 ancillarum
1059 4442 1173 4506 Christi
1199 4444 1232 4506 iu
1261 4445 1381 4506 crimen
1406 4442 1622 4506 fornicationis
1653 4441 1759 4525 lapsus
1783 4441 1887 4517 fuerit,

235 4575 264 4614 ιο
282 4546 367 4629 quod
387 4547 422 4609 in
443 4564 565 4608 caream
587 4544 817 4628 poenitenciam
845 4545 937 4608 faciat
958 4546 991 4607 in
1012 4565 1093 4629 pane
1113 4552 1144 4609 et
1164 4564 1256 4628 aqua.
1298 4543 1340 4607 Et
1361 4545 1386 4607 si
1409 4543 1573 4606 ordinatus
1596 4542 1748 4626 presbiter
1767 4542 1888 4613 fuisset,

385 4795 416 4861 h)
438 4795 491 4849 nisi
512 4795 575 4849 illos
595 4794 643 4865 qui
671 4813 721 4866 pro
747 4795 841 4850 hostili
863 4795 1027 4850 necessitato
1053 4802 1170 4866 pergant
1194 4813 1245 4865 pro
1271 4794 1360 4848 missis
1381 4793 1552 4848 celebrandis
1572 4800 1600 4848 et
1620 4801 1777 4849 sanctorum
1798 4801 1889 4865 patro·

281 4877 362 4931 cluiis
374 4876 552 4946 deportandis
564 4881 591 4928 et
605 4874 802 4930 confitentibus
815 4876 1014 4946 poenitentiam
1029 4875 1197 4946 imponendo
1215 4875 1241 4927 7.
1315 4875 1336 4938 ἰ)
1352 4874 1513 4944 mysterium
1532 4875 1556 4927 1.
1631 4873 1661 4943 k)
1682 4875 1806 4930 falcones
1821 4873 1846 4927 4.
1863 4874 1887 4927 6.

282 4958 300 5016 Ιῖῑ
323 4957 431 5011 Decrcv
432 4997 572 5010 ......
594 4971 713 5011 canones
728 4974 780 5009 em.
797 4955 821 5009 t.
903 4955 942 5025 m)
964 4957 1002 5008 ito
1015 4956 1120 5008 corrasi
1140 4955 1208 5022 (cfr.
1229 4973 1252 5006 c.
1269 4952 1294 5007 4.
1311 4953 1368 5023 b.);
1388 4960 1546 5008 sauctorum
1567 4955 1666 5022 codd.,·
1686 4955 1762 5009 iuxta
1781 4961 1888 5009 sancto·

280 5055 341 5090 rum
361 5037 466 5089 Basa.
487 5036 536 5089 loa.
553 5035 580 5105 1,
602 5033 628 5089 2.
648 5037 762 5105 musque
781 5037 858 5104 iryfra
884 5037 912 5089 s‘a
933 5036 1034 5088 Karolr’
1057 5036 1217 5106 capitularia
1235 5035 1271 5085 19
1293 5034 1381 5104 cupito
1394 5033 1420 5087 8.
1514 5035 1543 5103 n)
1565 5035 1712 5105 episcopus
1731 5035 1748 5088 6
1770 5043 1794 5088 et
1816 5052 1887 5087 coir.

234 5139 263 5179 ιι
281 5117 306 5170 ⁸2.
320 5115 351 5181 4,
364 5118 488 5185 formam
502 5125 579 5169 rocta.
642 5117 670 5187 o)
687 5117 724 5168 itu
741 5115 1135 5186 13neidfyr63niedfeor.2;
1153 5116 1216 5169 nied
1231 5110 1346 5182 feam
1360 5113 1548 5168 metfratresh.
1608 5114 1639 5185 p)
1654 5114 1801 5186 diligentes
1809 5114 1834 5169 2,
1842 5115 1867 5168 3.

381 5360 410 5430 l)
434 5359 494 5430 (ζὴ.
515 5362 590 5426 infru
611 5362 639 5413 r'a
659 5362 853 5414 additamentis
870 5360 1008 5413 indicatas
1018 5362 1265 5432 superstitutioyrum
1327 5358 1358 5429 8)
1379 5360 1506 5413 Amulato
1521 5362 1560 5413 ad
1573 5362 1739 5414 armoni
1747 5360 1888 5432 peltesdoa

279 5460 393 5512 morbos.
455 5459 485 5530 9)
499 5459 646 5527 Νοξίαωη
660 5459 712 5526 cfr.
726 5459 802 5526 iufra
815 5459 898 5511 iuda'c.
909 5466 1021 5529 cuperat.
1030 5457 1074 5511 15.
1103 5457 1225 5524 Grimm,
1239 5458 1364 5510 maacha
1375 5456 1493 5526 Mycael.
1503 5476 1533 5528 p.
1543 5456 1700 5511 570-578
1716 5458 1774 5525 (ed.
1783 5461 1887 5528 tertio).

279 5554 383 5611 amaa
400 5556 553 5628 superstitio
579 5572 647 5624 quoa
674 5557 751 5626 optut
768 5555 890 5610 &aecor
901 5557 962 5624 fait
983 5563 1088 5608 vetatur
1107 5557 1135 5608 s'a
1158 5573 1231 5609 cose.
1253 5555 1339 5608 Trult.
1362 5573 1422 5608 cau.
1437 5554 1482 5610 65.
1567 5553 1616 5624 10)
1639 5555 1724 5608 Verba
1743 5572 1814 5626 qnae
1834 5555 1891 5610 fuit

152 5716 160 5733 ι
278 5652 404 5711 XLM
416 5652 507 5709 hiatu
519 5653 642 5722 sortasse
660 5669 751 5706 racana
771 5655 870 5707 actditu
888 5661 951 5707 mist
970 5671 1031 5706 cum
1055 5653 1121 5706 liaeo
1139 5653 1260 5724 capitula
1280 5653 1478 5724 Lipts'aaust’bn
1497 5653 1644 5706 castoriam
1663 5660 1834 5721 augeantur.

323 5764 367 5800 '¹··
384 5764 570 5809 &Ullum
586 5766 604 5804 1·
1672 5760 1689 5810 4
