4380 6248
642 407 692 461 ET
713 407 928 463 HLOTHARII
950 407 1212 466 CAPITULARIA
1234 409 1417 465 ara-sat.
1778 411 1836 475 361

222 582 309 664 [perd
329 583 497 665 pecuniam
519 580 559 645 ab
580 582 823 665 imperatoribus
843 590 928 647 et⁰a
950 584 1027 648 sibi⁰
1048 585 1264 648 sacerdotibus
1285 585 1324 647 ad
1346 586 1560 650 defensionem
1583 607 1783 668 concessam,
1805 596 1836 653 et

221 703 277 765 per
296 685 551 765 poenitentiamll
575 684 842 748 determinentur‘
862 688 1081 770 episcoporum
1101 686 1225 767 iuditio,
1246 689 1272 750 si
1295 690 1393 771 pietas
1414 689 1501 751 illius
1522 690 1712 753 conlaudare
1743 692 1836 755 volu·

222 786 294 860 erit,
315 786 361 847 sic
383 785 507 848 deliniri
526 787 572 849 eis
594 786 791 869 complacuit.

325 892 350 952 1.
391 886 424 951 Si
445 891 519 971 quis
540 888 770 952 subdiaconum
792 890 1004 954 calumniatus
1026 892 1135 970 fuerit,
1157 892 1371 955 vulneraverit
1392 892 1441 955 vel
1463 892 1686 973 debilitaverit,
1707 902 1739 958 et
1762 915 1838 957 con·

197 991 372 1068 evaluerit,
401 992 544 1073 quinque
566 990 824 1074 quadragesimas
850 994 918 1055 sine
939 992 1072 1056 subditis
1094 995 1188 1056 annis
1214 995 1371 1076 poeniteat
1392 1000 1423 1057 et
1446 1000 1600 1058 trecentos
1622 997 1738 1059 solidos
1760 1016 1833 1060 cum

223 1113 281 1156 sua
301 1094 527 1176 compositione
547 1099 577 1156 et
598 1092 828 1179 episcopalibus
842 1093 979 1157 baronis3
1000 1097 1166 1179 episcop0⁸
1186 1102 1368 1179 componam
1392 1098 1418 1159 si
1440 1104 1545 1159 autem
1564 1109 1709 1160 mortuus
1729 1099 1834 1176 fuerit,

223 1194 364 1278 singulas
386 1196 582 1278 supradictas
611 1195 868 1279 quadragesimas
896 1217 971 1259 cum
996 1198 1205 1280 sequentibus
1233 1200 1326 1260 annis
1347 1201 1503 1281 poeniteat
1529 1207 1561 1262 et
1587 1200 1835 1284 quadringentos

223 1298 339 1362 solidos
360 1318 434 1361 (orm
456 1299 549 1381 tripla
570 1318 628 1361 sua
649 1301 876 1382 compositione
902 1305 933 1363 et
958 1300 1189 1384 episcopalibus
1215 1300 1328 1363 bannis
1348 1300 1546 1384 triplicibus⁸
1572 1304 1717 1386 episcopo
1746 1322 1834 1365 com-

222 1408 325 1486 ponat

183 1530 210 1567 ro
321 1505 349 1568 2.
391 1503 423 1566 Si
444 1505 517 1586 quis
542 1505 711 1567 diaconum
732 1505 946 1568 calumniatus
968 1505 1079 1583 fuerit,
1107 1512 1138 1568 et
1157 1505 1371 1581 convaluerit,
1400 1525 1457 1569 sex
1480 1506 1737 1589 quadragesimas
1762 1509 1832 1571 sine

223 1605 358 1669 subditis
379 1607 473 1669 annis
493 1608 665 1690 poeniteat,
686 1613 716 1670 ct
739 1606 988 1690 quadringentos
1006 1607 1123 1670 solidos
1137 1627 1211 1670 cum
1231 1609 1457 1691 compositione
1479 1628 1538 1671 sua
1559 1615 1590 1671 et
1602 1609 1833 1692 episcopalibus

221 1707 336 1772 bannis
357 1710 523 1792 episcopo!
542 1715 726 1792 componat,
754 1711 780 1770 si
800 1714 906 1772 autem
929 1716 1075 1772 mortuus
1103 1710 1211 1787 fuerit,
1238 1711 1381 1793 singulas
1402 1711 1598 1794 supradictas
1620 1729 1676 1773 sex
1698 1710 1834 1795 quadra-

221 1812 358 1891 gesimas
377 1830 451 1875 cum
475 1812 682 1894 sequentibus
704 1813 798 1875 annis
826 1813 1000 1895 poeniteat,
1027 1817 1058 1874 et
1085 1814 1271 1875 sexcentosh
1296 1812 1413 1876 srolidos
1441 1831 1514 1875 cum
1542 1813 1635 1895 tripla
1660 1833 1719 1876 sua
1748 1833 1835 1876 com·

221 1914 376 1995 positione
397 1919 428 1976 et
449 1913 679 1997 episcopalibus
701 1913 815 1976 bannis
836 1913 1031 1997 triplicibus⁸
1052 1915 1197 1996 episcopo
1218 1921 1393 1998 componat

181 2038 209 2075 aa
321 2017 348 2080 3.
390 2015 424 2080 Si
442 2018 515 2098 quis
535 2015 744 2099 presbiterum
766 2015 979 2079 calumniatus
997 2015 1104 2094 fuerit,
1125 2017 1398 2098 etspassaverit,¹4
1421 2019 1560 2098 septeml
1575 2017 1834 2100 quadragesimas

222 2119 290 2180 sine
311 2117 447 2181 subditis
468 2120 561 2181 annis
583 2120 741 2200 poeniteat
763 2125 794 2181 et
820 2125 986 2181 sexcentos
1006 2117 1122 2180 solidos
1141 2137 1217 2181 eum
1237 2118 1353 2201 triplici
1375 2139 1434 2181 sua
1454 2121 1680 2203 compositione
1701 2126 1732 2183 et
1751 2121 1833 2201 epis-

221 2219 383 2302 copalibus
404 2220 519 2284 bannis
542 2220 718 2303 triplicibus
739 2222 884 2303 episcopo
906 2225 1089 2304 componat;
1118 2222 1144 2283 si
1165 2225 1272 2284 autem
1292 2228 1438 2284 mortuus
1457 2222 1567 2301 luerit,
1588 2222 1754 2285 duodecim
1776 2242 1832 2285 an-

223 2341 335 2384 norum
357 2323 550 2405 poenitentia
572 2323 748 2385 secundum
778 2341 916 2385 canones
943 2324 972 2385 ei
993 2323 1179 2406 inponatur,
1211 2330 1242 2385 et
1268 2330 1445 2404 nongentos
1474 2325 1590 2388 solidos
1617 2344 1689 2387 cum
1717 2324 1832 2407 triplici

220 2426 446 2505 compositione
468 2444 526 2488 sua
547 2431 578 2488 et
599 2425 830 2509 episcopalibus
850 2423 966 2488 bannis
987 2425 1164 2508 triplicibus
1184 2427 1329 2508 episcopo
1351 2433 1528 2509 componat.

180 2552 209 2588 a»
320 2529 347 2591 4.
389 2526 422 2591 Si
447 2529 519 2610 quis
540 2530 685 2611 episcopo
707 2528 839 2591 insidias
861 2529 1017 2610 posuerit,
1037 2527 1308 2610 comprehenderit
1320 2528 1371 2591 vel
1393 2529 1425 2590 in
1447 2529 1554 2611 aliquo
1567 2529 1829 2609 dehonestaverit,

220 2629 327 2693 decem
350 2630 608 2714 quadragesimas
629 2632 710 2694 sine¹
739 2630 875 2694 subditis
894 2632 988 2693 annis
1009 2631 1168 2712 poeniteat
1195 2629 1422 2713 etpresbyteri
1443 2642 1534 2694 non¹ln
1557 2633 1652 2694 occisi
1673 2632 1828 2713 triplicem

219 2733 478 2816 compositionem
498 2740 673 2817 componat
722 2733 756 2797 Si
775 2738 881 2797 autem
902 2753 978 2797 casu
998 2737 1030 2796 et
1056 2753 1120 2797 non
1148 2739 1259 2816 sponte
1285 2733 1453 2810 occiditur,
1482 2753 1556 2796 cum
1581 2735 1830 2817 comprovincia-

218 2835 297 2898 lium
319 2837 538 2918 episcoporum
559 2836 689 2898 consilio
709 2836 866 2898 homicida
879 2837 1043 2918 poeniteat
1087 2835 1120 2899 si
1142 2837 1332 2919 quisautem
1353 2841 1464 2918 sponte
1484 2854 1558 2899 eum
1580 2836 1741 2914 occiderit,
1762 2855 1831 2898 car-

219 2956 293 3000 nem
314 2957 378 3001 ncn
401 2939 560 3018 comedat,
588 2939 701 3000 viuum
722 2958 786 3000 non
808 2937 895 3000 bibat
916 2939 1060 3001 cunctis¹²
1081 2936 1194 3001 diebus
1219 2939 1299 3000 vitae
1321 2957 1412 3016 suae,
1432 2938 1598 3020 cingulum
1620 2938 1754 3001 militare
1778 2938 1831 3001 de·

181 3047 329 3124 reponat,
348 3040 469 3124 absque
490 3059 545 3124 spe
566 3041 704 3123 coniugii
727 3041 761 3101 in
783 3047 934 3123 perpetuo
956 3047 1090 3103 maneat

320 3143 478 3207 Aistulfus
501 3142 729 3226 Mogontiensis
750 3142 1004 3225 archiepiscopus
1025 3142 1121 3205 dixit:
1143 3142 1193 3206 ‘Si
1213 3141 1409 3226 principibus
1430 3141 1582 3224 placuerit
1602 3142 1736 3225 aliisque
1754 3140 1832 3205 fido·

220 3246 304 3309 libus
324 3248 406 3326 suis,
427 3266 575 3329 rogemus
596 3251 632 3309 ut
653 3245 861 3309 conlaudetur
882 3252 913 3308 et
926 3244 1163 3309 subscribatur!
1205 3244 1246 3308 at
1259 3244 1483 3307 conlaudatum
1500 3249 1590 3307 estet
1611 3244 1826 3328 subscriptum

219 3356 266 3411 est
289 3355 354 3412 tam
375 3369 393 3411 a
417 3350 557 3431 principe
579 3368 675 3430 quam
699 3368 718 3410 a
739 3349 870 3410 caeteris
891 3347 1049 3410 omnibus.

320 3607 350 3677 d)
371 3625 489 3678 perpec.
499 3649 504 3660 .
516 3647 538 3661 ..
552 3626 602 3677 per
610 3607 713 3677 poenit.
722 3608 818 3661 desum
832 3607 861 3658 ia
871 3605 988 3676 prologo
1002 3604 1167 3655 ‘I'ribun'rmai
1174 3604 1240 3656 etad
1254 3603 1350 3655 doram
1368 3603 1550 3674 capitulorum
1566 3611 1677 3655 (auctore
1690 3612 1830 3672 tamquam

181 3687 599 3756 wpmamradmavideamr.
661 3684 690 3761 e)
711 3685 972 3742 elasibiomssal.
1035 3683 1060 3753 f)
1080 3683 1257 3737 determinari
1267 3684 1333 3736 Bal.
1397 3678 1426 3754 g)
1448 3683 1613 3736 marceto.
1674 3684 1704 3753 h)
1725 3683 1758 3737 D.
1768 3685 1830 3736 cod.

219 3768 301 3838 l'rcp.
381 3767 402 3836 i)
423 3769 666 3839 spasaveritlboq.
748 3767 778 3836 k)
800 3785 847 3821 sex
860 3767 922 3818 cod.
936 3766 1020 3834 Prop.
1034 3764 1134 3817 aaut.
1217 3764 1237 3832 l)
1258 3782 1321 3817 cum
1339 3763 1403 3816 Bal.
1488 3763 1526 3831 m)
1549 3782 1605 3818 non
1620 3764 1747 3816 omllol.
1767 3781 1829 3815 mara

218 3851 386 3904 Burclmrdo
398 3850 521 3902 etlvmac.
585 3847 614 3919 n)
636 3848 765 3903 omnibus
779 3848 845 3900 Bal.

320 4100 350 4168 3)
372 4101 481 4154 Maleto
495 4103 535 4153 od
549 4101 701 4172 episcopam
717 4100 855 4152 mlvanaa.
918 4096 948 4167 4)
970 4098 1104 4162 Evaacrit,
1117 4097 1293 4149 convaluerit.

319 4480 463 4589 Placuit
482 4524 575 4588 nobis
593 4530 624 4587 et
644 4522 790 4586 fidelibus
811 4524 941 4601 nostris,
968 4528 1017 4597 ut,
1044 4523 1127 4584 sicut
1147 4520 1186 4584 ab
1214 4520 1367 4604 episcopis
1393 4525 1423 4583 et
1449 4519 1580 4601 reliquis
1609 4518 1824 4581 sacerdotibus

182 4647 255 4694 trac
276 4625 336 4691 Dei
359 4629 459 4691 servis
487 4628 548 4690 alio
575 4645 658 4689 auno
687 4624 866 4689 Tribunae³
897 4624 1063 4687 ammoniti
1086 4622 1210 4686 fuimus
1240 4630 1270 4686 et
1296 4624 1409 4706 rogati,
1435 4628 1471 4684 ut
1496 4621 1634 4704 episcopi
1660 4627 1825 4683 eteorum

219 4731 371 4809 ministri,
397 4748 478 4813 quos
503 4728 592 4793 Deus
612 4749 686 4808 suo,
713 4748 777 4790 non
801 4728 954 4806 humano,
982 4726 1099 4789 iudicio
1127 4727 1312 4799 reservavit,
1342 4727 1432 4787 iuxta
1458 4728 1640 4786 sanctorum
1666 4742 1826 4785 canonum

219 4840 465 4915 sanctorumque
482 4839 607 4915 patrum
620 4850 656 4893 ac
675 4830 893 4913 capitularium
917 4829 1173 4912 praecedentium
1189 4846 1301 4908 regum
1315 4845 1420 4889 coram
1441 4826 1617 4908 positorum
1640 4830 1769 4902 statuta,
1791 4832 1828 4887 ut

219 4932 278 4998 Dei
299 4934 476 4998 sacerdotes
497 4952 672 5017 eorumque
693 4939 923 5015 cooperatores,
945 4949 1082 5013 quorum
1096 4928 1391 5005 intercessionibus,
1413 4926 1696 5010 supplicationibus
1717 4933 1827 4989 saneta

219 5034 278 5100 Dei
298 5036 448 5100 aecclesia
468 5042 611 5098 constare
630 5035 769 5109 videtur,
789 5035 897 5095 intacti
919 5038 1130 5115 permaneant
1172 5030 1403 5093 Censtituimus

181 5163 208 5203 aa
325 5140 349 5203 l.
391 5137 435 5202 Ut
455 5139 482 5201 si
502 5138 574 5221 quis
594 5136 825 5201 subdiaconum
839 5135 1051 5198 calumniatus
1072 5134 1182 5213 fuerit,
1201 5139 1232 5196 et
1245 5133 1453 5210 convaluerit,
1473 5132 1665 5215 poenitentia
1674 5132 1827 5193 canonica

219 5242 376 5323 poeniteat
396 5248 426 5303 et
452 5245 607 5304 trecentos
629 5239 745 5302 solidos
772 5239 916 5320 episcopo
943 5242 1127 5318 componat,
1153 5242 1184 5298 et
1211 5236 1237 5298 si
1261 5241 1407 5297 mortuus
1433 5233 1542 5312 fuerit,
1570 5235 1658 5295 iuxta
1686 5232 1718 5295 id
1740 5233 1825 5316 quod

218 5361 355 5406 canones
375 5344 573 5427 praecipiunt
591 5343 748 5423 poeniteat
769 5351 800 5403 et
821 5339 1066 5422 quadringentos
1088 5337 1205 5401 solidos
1224 5339 1369 5420 episcopo
1390 5343 1565 5420 componat.

316 5446 346 5508 2.
387 5443 421 5508 Si
442 5444 633 5507 diaconumt
654 5443 868 5505 calumniatus
886 5440 996 5520 fuerit,
1024 5447 1055 5503 et
1075 5439 1285 5519 convaluerit,
1312 5440 1470 5522 poeniteat
1490 5437 1666 5502 secundum
1687 5456 1826 5501 canones

316 5688 346 5757 a)
366 5689 441 5759 apud
448 5686 705 5743 'I'heodcniavillam
714 5686 780 5739 Bal.
790 5703 851 5739 cam
860 5685 966 5739 Borclr.
975 5692 1000 5737 et
1008 5685 1100 5738 Ivem.
1161 5678 1194 5759 b)
1212 5683 1276 5755 quis
1284 5684 1352 5736 add.
1362 5683 1429 5736 Bal.
