4418 6226
804 375 1065 434 CAPlTULARIA
1087 378 1263 433 als-827.
1774 377 1837 443 307

228 553 297 634 ipso
319 550 448 614 iubente
468 551 665 614 diversarum
687 553 908 615 necessitatum
931 572 1028 616 causa
1046 554 1220 630 factisunt,
1248 557 1377 618 omnino
1398 554 1518 638 absque
1538 555 1604 618 ulla
1625 555 1774 620 dilatione
1796 556 1839 620 ab

230 652 279 715 his
301 655 355 736 qui
368 658 509 716 eostunc
521 653 677 733 fecerunt,
697 655 905 716 restituantur
918 657 1197 736 etrenoventur,¹⁵
1216 658 1260 720 ita
1280 663 1316 720 ut
1328 657 1366 721 ad
1388 659 1517 721 missam
1540 659 1640 721 sancti
1652 658 1836 722 Andreaeli

229 756 394 817 restaurati
413 755 505 835 fiant,
527 757 587 818 nisi
609 756 687 818 forte
709 762 764 819 aut
784 758 853 839 ipsa
874 759 977 840 operis
996 758 1179 842 magnitudo
1196 764 1418 843 autaquarum
1440 761 1474 822 iu
1495 759 1649 842 quolibet¹
1670 762 1837 825 inundatio

229 857 287 920 hoc
307 857 485 941 prohibeat3
506 858 597 921 aliter
616 877 690 921 vero
714 859 822 922 nullus
844 858 984 941 qualibet
1005 862 1169 924 occasione
1191 861 1249 924 hoc
1270 861 1435 945 neglegere
1456 866 1512 924 aut
1531 862 1654 926 differre
1673 883 1836 947 praesum·

204 965 308 1039 amat,
338 962 415 1043 quin
437 961 476 1023 ad
499 961 694 1044 praedictum
715 965 840 1043 tempus
861 960 1067 1044 adimpletum
1087 961 1149 1025 fiat
1199 961 1240 1026 Et
1261 964 1350 1026 missi
1380 964 1496 1045 nostri,
1523 984 1659 1047 quorum
1688 968 1836 1048 superius

228 1064 421 1126 mentionem
442 1064 590 1144 lecimus,
617 1062 765 1125 volumus
792 1068 828 1125 ut
848 1064 1047 1144 renuntient,
1074 1065 1105 1126 in
1128 1063 1246 1147 quibus
1274 1064 1351 1128 locis
1372 1071 1479 1129 nostra
1507 1067 1606 1130 iussio
1632 1067 1772 1151 impleta,
1801 1069 1836 1131 in

228 1165 345 1248 quibus
368 1167 408 1228 sit
427 1165 569 1248 neglecta
589 1171 645 1228 aut
665 1165 772 1248 aliqua
791 1164 1031 1248 inpossibilitate
1051 1167 1102 1229 vel
1124 1173 1209 1230 certa
1227 1168 1349 1230 ratione
1371 1168 1473 1230 dilata

327 1270 374 1332 23.
414 1267 463 1331 De
484 1270 577 1330 nonis
598 1268 728 1350 quidem
749 1274 779 1330 et
807 1267 952 1348 decimis,
979 1268 1063 1331 unde
1089 1275 1119 1331 et
1140 1271 1264 1352 genitor
1284 1276 1392 1333 noster
1418 1275 1449 1333 et
1469 1271 1730 1353 nosfrequenter
1749 1273 1833 1335 etin

227 1371 360 1435 diversis
376 1371 500 1455 placitis
521 1371 767 1433 admonitionem
790 1369 925 1433 fecimus
947 1378 979 1433 et
999 1389 1054 1453 per
1074 1370 1259 1453 capitularia
1269 1373 1413 1434 nostrall
1434 1371 1568 1454 qualiter
1588 1373 1666 1436 haec
1686 1372 1834 1437 observa-

189 1480 337 1536 urentur
357 1473 587 1553 ordinavimus,
609 1473 757 1535 volumus
777 1478 872 1554 atque
886 1470 1048 1551 iubemus,
1068 1479 1103 1535 ut
1114 1472 1152 1535 de
1164 1474 1250 1535 omui
1262 1472 1466 1537 conlaboratu
1487 1474 1575 1537 etde
1597 1477 1670 1538 vino
1692 1480 1723 1538 et
1741 1476 1835 1539 foeno

226 1574 359 1639 fideliter
379 1581 410 1638 et
430 1576 563 1658 pleniter
582 1575 622 1637 ab
644 1574 793 1637 omnibus
815 1594 899 1637 nona
923 1581 954 1638 et
974 1574 1096 1638 decima
1115 1575 1326 1658 persolvatur,
1355 1575 1394 1638 de
1415 1577 1589 1640 nutrimine
1608 1596 1682 1640 vero
1703 1593 1759 1660 pro
1780 1577 1834 1640 de·

226 1679 321 1756 eima,
342 1679 424 1740 sicut
444 1678 596 1741 hactenus
618 1677 814 1741 consuetudo
838 1676 912 1756 luit,
933 1675 972 1739 ab
994 1676 1143 1741 omnibus
1162 1677 1354 1741 observetur.
1397 1677 1430 1742 si
1453 1680 1525 1762 quis
1546 1685 1651 1742 tamen
1673 1681 1833 1763 episcopo·

224 1800 298 1842 rum
317 1780 413 1844 fuerit
434 1781 490 1863 qui
511 1786 678 1863 argentum
705 1799 762 1863 pro
783 1779 843 1842 hoc
863 1780 1003 1863 accipere
1030 1780 1120 1859 velit,
1146 1781 1179 1843 in
1208 1800 1266 1843 sua
1287 1787 1413 1844 maneat
1438 1787 1603 1864 potestate,
1629 1783 1720 1845 iuxta
1747 1781 1832 1865 quod

225 1884 253 1945 ei
275 1887 305 1945 et
324 1883 369 1946 illi
392 1885 448 1966 qui
470 1882 529 1945 hoo
549 1882 727 1966 persolvere
748 1880 840 1945 debet
859 1883 1049 1945 convenerit

188 2010 213 2047 15
324 1986 371 2048 24.
412 1984 563 2049 Similiter
584 1984 711 2067 quidem
738 1985 778 2047 de
799 1983 947 2066 operibus
972 1986 1005 2046 in
1027 1986 1255 2048 restauratione
1282 1984 1500 2064 ecclesiarum,
1528 1986 1595 2048 sive
1624 1986 1658 2047 in
1680 1985 1834 2066 faciendo,

225 2090 291 2151 sive
317 2090 349 2150 in
376 2087 574 2166 redimendo,
600 2087 785 2170 episcopalis
812 2088 919 2170 potius
944 2091 1096 2169 sequatur
1124 2087 1287 2165 volrmtas3
1317 2087 1501 2150 nullatenus
1527 2092 1633 2150 tamen
1663 2094 1832 2168 remaneat,

225 2192 317 2273 quin,
339 2192 422 2253 sicut
441 2211 460 2253 a
482 2189 573 2252 nobis
594 2209 687 2272 saepe
714 2191 839 2252 iussum
867 2195 930 2269 est,
955 2190 1014 2252 hoc
1040 2195 1095 2253 aut
1120 2189 1199 2252 illud
1226 2189 1369 2273 partibus
1396 2188 1600 2252 ecclesiarum
1626 2190 1832 2272 persolvatur.

223 2291 265 2355 ut
285 2293 344 2356 hoc
365 2293 514 2356 omnibus
533 2302 645 2355 notum
667 2293 720 2371 sit,
747 2293 822 2375 quia
849 2294 1045 2375 quicumque
1066 2292 1265 2375 neglegenter
1291 2292 1406 2355 exinde
1430 2292 1528 2375 egerit
1556 2298 1587 2354 et
1612 2311 1718 2355 coram
1738 2292 1833 2356 nobis

224 2395 339 2458 exindo
358 2394 529 2479 neglegens
549 2400 690 2477 repertus
711 2393 820 2473 fuerit,
848 2394 926 2456 illud
954 2394 1104 2457 volumus
1125 2395 1254 2457 omnino
1275 2400 1312 2456 ut
1331 2393 1455 2470 subeat,
1482 2393 1568 2475 quod
1597 2394 1630 2455 in
1651 2399 1759 2458 nostro
1780 2414 1831 2457 ca·

185 2521 211 2558 20
223 2496 350 2579 pitulari
375 2496 413 2560 de
434 2496 492 2559 hac
512 2514 547 2559 re
565 2497 727 2559 communi
747 2496 896 2559 consultu
916 2494 1059 2559 fidelium
1081 2502 1262 2559 nostrorum
1283 2494 1547 2558 ordinavimus.¹⁷

322 2601 370 2664 25.
412 2597 549 2662 Comites
570 2617 643 2661 vcro
665 2599 818 2662 ministris
839 2598 988 2662 ecclesiae
1016 2600 1050 2661 in
1077 2618 1188 2662 eorum
1211 2600 1407 2678 ministeriis,
1435 2605 1472 2661 ut
1501 2598 1560 2661 hoc
1583 2597 1710 2681 plonius
1737 2598 1829 2663 etde

222 2703 337 2764 nostris
358 2707 389 2764 at
409 2699 448 2763 de
469 2719 503 2763 se
523 2707 554 2763 et
575 2700 614 2763 de
635 2702 703 2763 suis
723 2699 907 2765 hominibus
936 2700 1077 2764 obtinere
1097 2702 1235 2783 possint,
1264 2701 1423 2764 adiutores
1448 2701 1482 2762 in
1504 2699 1654 2763 omnibus
1673 2699 1768 2777 fiant;
1799 2706 1832 2764 et

223 2805 417 2886 quicumque
438 2804 539 2885 prima
559 2808 590 2865 et
609 2803 750 2866 secunda
770 2804 839 2866 vice
860 2802 899 2866 de
919 2803 969 2866 his
988 2803 1324 2867 acomiteadmonitus
1343 2822 1407 2866 non
1420 2821 1453 2866 se
1474 2803 1656 2882 correxerit,
1677 2802 1827 2866 volumus

221 2910 258 2968 ut
283 2925 339 2988 per
367 2905 503 2968 eundem
532 2906 680 2968 comitem
711 2907 780 2968 eius
810 2905 1006 2988 neglegentia
1032 2905 1072 2969 ad
1097 2913 1239 2969 nostram
1267 2906 1411 2968 notitiam
1439 2904 1629 2988 perferatur,
1660 2911 1697 2967 ut
1720 2910 1831 2967 nostra

183 3009 404 3071 ssauctoritatc
426 3007 511 3091 quod
532 3008 565 3069 in
586 3015 693 3070 nostro
716 3007 882 3090 capitulari
902 3008 1055 3088 continet,
1076 3007 1183 3071 subire
1204 3013 1341 3091 cogatur.

320 3111 369 3175 26.
411 3110 570 3174 Volumus
596 3112 703 3190 etiam,
735 3116 772 3173 ut
803 3110 940 3194 capitula
973 3129 1054 3193 quae
1084 3129 1171 3173 nunc
1197 3109 1316 3173 etalio
1342 3116 1482 3193 tempore
1507 3109 1656 3173 consultu
1682 3109 1826 3174 fidolium

221 3219 400 3277 nostrorum
425 3234 443 3276 a
464 3213 555 3276 nobis
576 3214 747 3276 constituta
774 3217 849 3275 sunt
876 3233 895 3275 a
919 3211 1105 3275 cancellario
1132 3219 1240 3275 nostro
1260 3212 1484 3296 archiepiscopi
1513 3219 1544 3275 et
1564 3213 1695 3276 comites
1716 3231 1828 3275 eorum

220 3314 258 3378 de
278 3316 412 3399 propriis
432 3314 613 3379 civitatibus
635 3314 742 3394 modo,
761 3320 817 3377 aut
837 3333 893 3397 per
912 3333 945 3377 se
966 3319 1021 3377 aut
1041 3333 1098 3398 per
1117 3334 1193 3378 suos
1204 3315 1336 3394 missos,
1356 3315 1528 3397 accipiant,
1549 3321 1580 3377 et
1600 3315 1828 3398 unusquisque

219 3437 275 3500 per
296 3437 389 3482 suam
411 3418 561 3481 diocesim
583 3419 694 3481 ceteris
719 3417 889 3500 episcopis,
917 3415 1098 3495 abbatibuS,
1128 3415 1298 3479 comitibus
1323 3421 1354 3479 et
1381 3414 1452 3478 aliis
1476 3403 1624 3479 fidelibus
1652 3417 1769 3478 nostris
1789 3435 1827 3479 ea

181 3539 208 3579 ao
219 3520 385 3583 transcribi
409 3520 527 3583 faciant
558 3522 646 3583 etin
674 3521 741 3583 suis
768 3517 969 3582 comitatibus
1002 3536 1108 3580 coram
1133 3517 1282 3581 omnibus
1317 3517 1474 3600 relegant,
1507 3522 1544 3580 ut
1570 3518 1693 3581 cunctis
1717 3525 1829 3581 nostra

219 3623 373 3685 ordinatio
394 3628 426 3686 et
445 3622 593 3686 voluntas
612 3629 688 3685 nota
708 3621 776 3685 fieri
797 3621 903 3704 possit
945 3617 1158 3683 cancellarius
1185 3625 1290 3682 tamen
1318 3626 1425 3708 noster
1451 3619 1582 3682 nomina
1607 3620 1825 3703 episcoporum

219 3729 250 3787 et
269 3724 421 3788 comitum
449 3726 505 3808 qui
534 3744 571 3788 ea
601 3726 740 3808 accipere
765 3723 946 3786 curaverint
971 3726 1058 3784 notet
1085 3727 1116 3784 et
1140 3740 1177 3784 ea
1205 3721 1244 3782 ad
1273 3728 1414 3784 nostram
1439 3722 1583 3784 notitiam
1611 3719 1762 3804 perforat,
1789 3726 1828 3784 ut

218 3827 328 3890 nullus
349 3827 408 3890 hoc
430 3829 676 3911 praetermittere
701 3831 889 3909 praesumat
932 3823 1025 3886 Vassi
1051 3824 1198 3905 quoque*
1228 3823 1326 3886 nostri
1347 3822 1439 3885 nobis
1462 3821 1652 3885 famulantes
1673 3821 1823 3886 volumus

219 3936 255 3992 ut
273 3929 465 4012 condignum
486 3930 570 4013 apud
592 3948 702 3992 omnes
723 3927 859 3991 habeant
884 3927 1053 4004 honorem,
1081 3925 1164 3988 sicut
1189 3944 1207 3986 a
1234 3925 1375 4007 genitore
1396 3931 1503 3987 nostro
1528 3929 1560 3987 et
1579 3944 1598 3986 a
1620 3922 1710 3986 nobis
1731 3942 1826 4007 saepe

179 4048 207 4088 aa
218 4030 415 4094 admonitum
438 4039 489 4095 est
501 4031 529 4075 ¹⁸

318 4284 339 4355 i)
358 4286 575 4360 quolibetuaqae
583 4289 676 4343 nullus
684 4305 737 4340 om.
746 4304 778 4343 o..
819 4285 851 4354 k)
868 4287 1014 4342 etvassalli
1023 4287 1200 4356 oddilinam.

319 4543 367 4609 15)
387 4543 446 4612 (fr.
454 4561 538 4613 salira
547 4559 607 4611 cop.
616 4540 720 4593 missor.
730 4558 756 4592 a.
767 4539 865 4609 eane.
877 4539 928 4610 12,
937 4558 1003 4610 pap.
1011 4539 1076 4594 301.
1121 4538 1169 4610 16)
1187 4537 1384 4592 adumar.
1427 4536 1476 4607 17)
1496 4535 1822 4607 Cfr.copp.pcraeacrid.

216 4641 282 4696 818.
292 4642 358 4713 819,
367 4661 389 4694 c.
398 4642 422 4696 5.
465 4639 514 4706 18)
532 4639 589 4708 er.
597 4640 677 4691 etiam
684 4639 765 4708 cupit.
772 4637 923 4709 compluria
932 4637 1184 4708 italicomprapag.
1192 4635 1259 4706 207,
1268 4654 1291 4689 c.
1299 4637 1329 4705 93
1338 4654 1400 4704 pop.
1411 4634 1478 4703 210,
1487 4653 1510 4687 c.
1521 4633 1557 4687 10
1566 4634 1672 4702 etinjro
1680 4633 1746 4704 Cap.
1756 4633 1812 4686 159

215 4763 238 4797 c.
261 4744 286 4799 3.
