4380 6248
829 388 974 445 KAROLI
996 388 1122 444 MAGNI
1143 386 1414 446 caelamina
1884 389 1926 451 95)

315 573 408 635 orriri
428 572 607 652 crederent,
634 571 667 635 id
688 577 736 636 est
755 571 794 635 de
815 572 880 634 vita
900 575 931 634 et
951 571 1092 634 casfimte
1113 569 1356 648 monachorum,
1381 568 1456 632 inde
1477 569 1731 651 commentatur,
1754 576 1788 634 ut
1808 571 1925 655 aliquis

315 692 357 736 ex
378 673 553 738 monachus
573 673 744 737 sodomitas
764 693 835 737 esse
855 672 1009 736 auditum.
1060 671 1153 735 Unde
1179 672 1274 735 etiam
1300 690 1450 754 rogamus
1476 678 1507 734 et
1532 677 1769 753 contextamur,
1796 680 1833 736 ut
1858 692 1924 737 cer-

316 777 439 839 tissime
458 776 595 860 amplius
618 794 659 839 ex
678 775 728 839 his
749 774 861 838 diebus
882 775 988 838 omni⁰
1009 773 1152 837 custodia
1173 792 1207 836 se
1227 784 1287 834 enp
1314 772 1476 835 hiemalis
1497 793 1683 837 conservare
1705 774 1868 855 studeant,
1889 784 1926 839 ut

317 897 495 962 numquam
516 878 653 963 amplius
672 877 752 942 tale*¹
774 876 852 961 quid
872 895 965 940 aures
988 881 1112 939 nostras
1132 876 1302 959 perveniat
1343 873 1385 937 Et
1405 875 1464 937 boc
1477 874 1627 938 omnibns
1640 882 1751 940 notum
1772 878 1827 956 sit,
1849 879 1925 960 quia

282 999 297 1038 a
316 979 500 1044 nullatenus
520 981 555 1043 in
575 981 636 1043 ista
656 979 739 1043 mala
759 980 793 1043 in
813 978 903 1042 nullo
924 978 992 1041 loco
1013 977 1150 1061 amplius
1169 978 1204 1040 in
1220 981 1284 1040 toto
1299 995 1398 1059 regno
1412 982 1519 1040 nostro
1537 980 1714 1042 consentire
1735 979 1923 1043 audeamus:

317 1083 566 1164 quantominus
587 1082 732 1165 quidem‘
758 1083 841 1144 inter
859 1099 913 1144 cos
934 1081 990 1163 qui
1011 1081 1163 1143 castitatis
1190 1085 1222 1142 et
1242 1081 1468 1142 sanctimoniae
1494 1080 1721 1144 emendatiores
1749 1101 1817 1145 esse
1835 1085 1924 1167 cupi-

317 1202 398 1245 mus
446 1181 554 1247 Certe·
582 1184 625 1246 si·
650 1182 787 1267 amplius
815 1181 908 1266 quid²
933 1181 1011 1245 talet
1037 1181 1076 1244 ad
1102 1200 1195 1245 aures
1222 1190 1345 1244 nostras
1371 1183 1562 1264 pervenerit,
1587 1202 1652 1246 non
1678 1183 1781 1246 solum
1807 1185 1839 1247 in
1861 1203 1926 1265 coa,

317 1283 371 1347 sed
394 1285 489 1348 etiam
509 1288 542 1348 et
560 1285 594 1347 in
616 1286 741 1363 ceteris,
768 1285 846 1367 quiu
867 1285 924 1347 inu
950 1283 1025 1346 talia
1050 1285 1263 1361 consentiant,
1289 1283 1383 1346 talem
1408 1283 1560 1348 ultionem
1582 1285 1730 1365 facimuS,
1759 1292 1794 1349 ut
1814 1286 1926 1350 nullus

315 1385 507 1450 christianus
528 1387 584 1470 qui
605 1387 665 1450 hoc
685 1386 832 1467 audierit,
852 1386 1035 1450 nullatenus
1055 1386 1136 1449 tale'
1158 1386 1234 1469 quid
1255 1392 1433 1469 perpetrare
1454 1386 1590 1471 amplius
1611 1388 1816 1470 presumserit
1824 1398 1850 1449 '‘.

269 1505 296 1543 ¹⁰
418 1490 464 1553 18.
504 1486 696 1552 Monasteria
716 1487 893 1572 puellarum
914 1486 1048 1551 firmiter
1068 1486 1232 1551 observata
1253 1489 1331 1568 sint,
1358 1494 1389 1551 et
1409 1507 1611 1571 nequaquam
1634 1507 1747 1569 vagare
1768 1490 1925 1568 sinantur,

316 1587 372 1652 sed
392 1608 465 1652 cum
487 1590 575 1653 omni
596 1588 758 1673 diligentia
778 1596 1021 1669 conserventur,
1043 1608 1148 1672 neque
1164 1589 1352 1673 litigationes
1366 1589 1415 1653 vel
1432 1592 1632 1653 contentione
1642 1592 1725 1654 inter
1745 1610 1926 1655 semovere

314 1698 511 1774 praesumat,
543 1710 649 1776 neque
677 1692 711 1754 in
741 1691 829 1754 nullo
859 1692 1018 1775 magistris
1046 1696 1077 1755 et
1102 1690 1269 1754 abbatissis
1303 1691 1540 1755 inhobedientes
1573 1692 1621 1755 vel
1656 1694 1830 1756 contrariae
1855 1692 1923 1756 fieri

315 1792 461 1857 audeant.
501 1792 564 1857 Ubi
578 1798 684 1857 autem
702 1793 862 1877 regulares
873 1799 965 1872 sunt,
987 1794 1118 1856 omnino
1134 1793 1311 1856 secundum
1327 1793 1437 1877 regula
1455 1792 1635 1874 observent,
1656 1813 1697 1856 ne
1717 1794 1925 1857 fornicatione

316 1893 452 1975 deditae,
472 1915 537 1959 non
559 1895 731 1976 ebrietatis,
757 1915 821 1959 non
843 1895 1006 1979 cupiditati
1027 1897 1215 1975 servientes,
1240 1895 1297 1959 sed
1318 1895 1509 1959 omnimodis
1529 1897 1612 1960 iuste
1632 1903 1663 1959 et
1684 1895 1787 1959 sobrie
1809 1898 1924 1962 vivant

270 2016 297 2055 ιι
315 1995 358 2059 Et
378 2002 414 2061 ut
434 1998 467 2060 in
489 1997 626 2061 claustra
646 1997 696 2061 vel
717 1999 944 2061 monasterium
966 2016 1076 2060 earum
1098 1999 1148 2059 vir
1166 1997 1275 2061 nullus
1285 1999 1395 2078 intret,
1416 1998 1477 2059 nisi
1498 1997 1652 2081 presbiter
1672 2004 1797 2082 propter
1818 2000 1925 2061 visita·

316 2101 434 2162 tionem
455 2098 654 2163 infirmarum
673 2119 748 2162 cum
769 2100 947 2162 testimonio
968 2100 1078 2180 intret,
1105 2099 1155 2162 vel
1182 2099 1221 2162 ad
1242 2101 1372 2162 missam
1394 2105 1533 2177 tantum,
1560 2107 1592 2163 et
1612 2102 1717 2163 statim
1740 2108 1840 2163 exeat
1884 2100 1925 2163 Et

316 2207 353 2264 ut
374 2220 467 2264 nemo
488 2201 616 2266 alterius
637 2201 735 2264 tiliam
757 2221 847 2264 suam
869 2202 901 2263 in
921 2203 1195 2285 congregationem
1208 2201 1502 2265 sanctemonialium
1524 2204 1652 2286 recipiat
1672 2202 1792 2287 absque
1813 2204 1923 2265 notitia

318 2302 367 2366 vel
388 2302 638 2367 consideratione
658 2304 794 2387 episcopi
821 2302 860 2365 ad
889 2304 981 2365 cuius
1010 2302 1155 2366 diocense
1183 2304 1319 2386 pertinet
1347 2302 1435 2366 locus
1459 2303 1526 2381 ille3
1553 2310 1585 2367 et
1611 2310 1645 2367 ut
1670 2306 1737 2388 ipse
1758 2304 1924 2387 diligenter

315 2406 479 2488 exquirat,
502 2404 637 2488 qualiter
656 2406 690 2468 in
713 2411 821 2468 sancto
841 2405 880 2468 ad
901 2403 961 2468 Dei
983 2406 1110 2468 servitio
1131 2425 1315 2489 permanere
1333 2407 1455 2489 cupiat,
1476 2412 1507 2468 et
1528 2405 1728 2468 stabilitatem
1750 2425 1841 2468 suam
1864 2404 1923 2467 ibi-

270 2526 297 2564 ιο
316 2506 387 2571 dam
413 2506 539 2571 firmare
566 2507 615 2570 vel
641 2507 875 2591 professionem.
932 2507 1058 2570 Ancilla
1085 2513 1190 2570 autem
1218 2507 1353 2571 aliorum
1380 2508 1578 2586 bominuml,
1606 2507 1655 2570 vel
1686 2506 1763 2570 tales
1788 2507 1923 2569 feminas

316 2627 397 2690 (quae
422 2607 599 2672 secundum
626 2628 714 2672 more
741 2610 989 2672 conversationis
1021 2611 1053 2672 in
1086 2618 1195 2673 sancta
1228 2611 1469 2694 congregatione
1502 2611 1609 2672 vivere
1637 2609 1778 2683 vulunt¹,
1812 2628 1923 2671 omnes

314 2710 448 2794 pleniter
468 2709 507 2774 de
528 2711 769 2794 congregatione
790 2712 950 2774 eiciantur.

418 2813 480 2876 191.
523 2810 566 2875 Ut
586 2813 739 2896 episcopi,
758 2811 900 2894 abbateS,
926 2813 1106 2897 presbiteri,
1127 2814 1279 2878 diaconus
1300 2814 1475 2897 nullusque
1496 2833 1534 2876 ex
1557 2813 1643 2875 omni
1665 2812 1748 2875 clero
1769 2831 1864 2874 canes
1885 2811 1924 2874 ad

315 2912 497 2978 venandum
525 2920 581 2977 aut
605 2922 797 2998 acceptoreS,
824 2914 962 2979 falcones
994 2934 1050 2979 seu
1077 2918 1254 2999 sparvarios
1282 2915 1396 2979 habere
1424 2923 1620 3000 presumant,
1649 2915 1704 2978 sed
1731 2914 1863 2997 pleniter
1890 2933 1925 2977 se

269 3032 297 3074 aa
316 3016 540 3099 unusquisque
560 3017 594 3078 in
616 3016 725 3079 ordine
745 3036 803 3080 suo
824 3019 974 3080 canonice
995 3017 1043 3081 vel
1065 3018 1251 3100 regulariter
1268 3018 1456 3082 custodiant.
1500 3015 1560 3093 Qui
1582 3022 1688 3081 autem
1710 3017 1926 3100 presumserit,

316 3118 394 3181 sciat
413 3119 639 3201 unirsquisque
660 3119 809 3182 bonorem
832 3139 929 3182 suum
951 3120 1088 3203 perdere.
1137 3118 1256 3183 Caeteri
1284 3139 1358 3183 vero
1380 3120 1441 3183 tale
1467 3119 1581 3183 exinde
1603 3119 1756 3182 damnum
1778 3119 1925 3201 patiatur,

316 3227 352 3283 ut
371 3219 485 3304 reliqui
507 3229 627 3283 metum
649 3220 784 3284 babeant
804 3221 878 3284 talia
899 3220 958 3284 sibi
981 3241 1143 3304 usurpare.

415 3323 464 3388 20.
505 3321 551 3387 Ut
570 3321 747 3386 abbatissae
768 3342 833 3386 una
859 3342 933 3386 cum
960 3323 1254 3387 sanctimonialibus
1280 3325 1347 3387 suis
1375 3343 1408 3387 sc
1435 3324 1655 3386 unianimiterz
1683 3329 1738 3386 aut
1758 3322 1925 3405 diligenter

316 3423 397 3487 inira
418 3424 556 3488 claustra
577 3443 611 3488 se
631 3424 810 3488 custodiant
831 3431 863 3487 et
882 3425 1063 3488 nullatenus
1084 3426 1160 3489 foris
1181 3425 1317 3489 claustra
1338 3427 1383 3488 ire
1405 3431 1615 3508 praesumant
1656 3424 1717 3488 Sed
1738 3423 1923 3503 abbatissae,

269 3546 298 3585 aa
316 3545 389 3589 cum
411 3525 757 3610 propter=aliq11asde
778 3515 1071 3591 sanctimonialibus
1091 3527 1242 3611 dirigere,
1268 3527 1327 3590 hoc
1348 3546 1551 3610 nequaquam
1574 3525 1693 3608 absque
1713 3525 1871 3588 licentiam
1893 3532 1925 3587 ot

315 3626 484 3691 consilium
513 3629 649 3712 episcopi
678 3628 729 3691 sui
754 3627 877 3691 faciant
932 3627 1082 3692 Similiter
1111 3635 1142 3693 et
1170 3649 1244 3692 cum
1273 3629 1502 3692 ordinationem
1529 3628 1637 3711 aliqua
1664 3630 1695 3691 in
1723 3628 1925 3691 monasteriis

316 3747 408 3812 agere
429 3728 564 3793 debeant
584 3729 634 3793 vel
656 3729 778 3812 aliquas
804 3731 838 3792 in
860 3731 1058 3793 monasteriis
1086 3732 1278 3814 receptiones
1299 3730 1415 3811 facere,
1443 3737 1474 3793 ct
1502 3730 1560 3793 boc
1586 3751 1660 3793 cum
1682 3731 1835 3813 episcopis
1857 3731 1925 3792 suis

314 3830 449 3914 pleniter
468 3837 561 3895 antea
582 3838 763 3909 retractent,
786 3839 816 3895 et
838 3832 921 3915 quod
944 3831 1103 3896 salubrius
1124 3833 1175 3896 vel
1196 3832 1306 3896 utilius
1327 3832 1395 3896 fieri
1417 3832 1577 3915 disponat,
1597 3834 1733 3915 episcopi
1756 3832 1924 3914 archiepis-

315 3952 393 4016 copo
414 3934 620 4013 annuntient,
640 3940 765 3997 etcum
787 3935 856 3997 eius
879 3934 1010 3998 consilio
1034 3954 1114 4018 quae
1136 3935 1257 4018 agenda
1278 3942 1353 3998 sunt
1373 3934 1585 4018 perficiantur.

269 4054 303 4095 aa·
415 4036 464 4099 21.
508 4033 551 4098 Ut
570 4034 759 4119 presbiteros
780 4056 816 4098 ac
834 4044 972 4100 caeteros
992 4038 1177 4114 canonicos,
1198 4057 1279 4120 quos
1295 4039 1426 4100 comites
1440 4037 1509 4099 suih
1528 4038 1559 4100 iu
1576 4038 1777 4100 ministeriis⁰
1798 4035 1925 4114 habent,

316 4137 446 4199 omnino
467 4155 521 4200 eos
542 4138 697 4221 episcopis
720 4139 787 4201 suis
809 4137 967 4202 subiectos
988 4138 1172 4218 exhibeant,
1193 4145 1229 4202 ut
1246 4140 1398 4202 canonica
1415 4140 1570 4202 institutio
1591 4138 1693 4215 iubet,
1714 4139 1752 4201 de
1774 4139 1823 4200 liis
1842 4139 1924 4222 opis·

316 4238 403 4322 copis
424 4239 492 4302 suis
512 4238 646 4323 pleniter
674 4239 734 4303 sub
763 4246 869 4303 sancta
895 4240 1060 4323 disciplina
1088 4260 1142 4304 eos
1167 4240 1292 4303 erudire
1321 4241 1404 4304 sint‘l
1434 4241 1679 4317 consentientes,
1706 4241 1787 4303 sicut
1815 4246 1921 4302 nostra

315 4341 416 4423 gratia
438 4339 486 4404 vel
507 4360 583 4404 suos
602 4342 737 4405 honores
756 4341 871 4406 habere
892 4342 1078 4406 desiderant.

417 4442 483 4507 220.
525 4441 674 4506 Canoniei
695 4453 800 4508 autem
822 4444 955 4528 pleniter
978 4446 1074 4507 vitam
1097 4442 1265 4507 obserbent
1285 4445 1484 4523 canonicam,
1509 4451 1540 4508 ot
1567 4444 1660 4507 domo
1679 4443 1845 4526 episcopali
1873 4441 1923 4505 vol

271 4565 299 4604 ιι
317 4544 410 4606 etiam
433 4546 624 4608 monasteria
645 4565 717 4608 cum
740 4547 827 4609 omni
848 4546 1042 4629 diligentiam
1064 4545 1242 4609 secundum
1269 4547 1421 4609 canonica
1442 4546 1606 4630 disciplina
1627 4545 1820 4608 erudiantur.
1861 4544 1924 4608 Ne·

318 4664 480 4728 quaquam
500 4645 576 4709 foris
597 4648 720 4730 vagarif
739 4647 908 4728 sinanturf,
936 4648 990 4710 sed
1011 4646 1071 4711 sub
1091 4649 1177 4710 omni
1200 4647 1341 4711 custodia
1363 4647 1484 4719 vibant,
1511 4669 1574 4710 non
1596 4649 1697 4730 turpis
1718 4647 1797 4711 lucri
1816 4646 1924 4722 dediti,

320 4764 382 4809 non
393 4745 568 4821 fornicarii,
588 4768 652 4811 non
670 4747 773 4828 frares,
794 4768 858 4811 non
871 4749 1059 4828 homicides,
1080 4769 1144 4812 non
1166 4757 1320 4833 raptores,
1341 4769 1403 4812 non
1420 4749 1564 4831 litigiosi,
1585 4769 1649 4811 non
1678 4748 1836 4827 iracundi,
1857 4767 1921 4810 non

418 4997 447 5064 n)
469 4998 666 5052 trimentumc.
762 4999 790 5068 o)
812 4999 942 5053 omniac.
1045 4999 1074 5069 p)
1097 5007 1163 5053 etc.
1264 4999 1293 5070 ql
1316 4999 1370 5052 tela
1386 5017 1410 5050 c.
1513 5000 1537 5068 r)
1558 4998 1606 5069 qui
1621 5018 1644 5051 c.
1745 4998 1768 5068 sl
1791 4996 1924 5053 Cartare.

318 5078 341 5130 t]
362 5078 512 5147 quottales
526 5095 550 5131 c.
625 5078 654 5148 ul
676 5073 748 5149 quur
761 5100 784 5131 c.
860 5078 887 5143 v)
909 5080 963 5134 tele
977 5098 1001 5131 c.
1084 5080 1118 5148 w)
1140 5080 1268 5133 sumserit
1283 5098 1306 5131 c.
1381 5084 1408 5148 x)
1431 5079 1530 5133 nolunt
1543 5079 1703 5148 legemem?
1783 5078 1813 5149 y)
1837 5078 1922 5149 Cirpp.

272 5172 301 5211 aa
320 5156 457 5211 19-21.
472 5176 526 5210 uno
537 5160 625 5229 capite
638 5159 780 5211 coniuncta
794 5161 822 5211 ia
836 5161 896 5212 cod.
979 5162 1003 5221 zi
1026 5159 1220 5214 uanianimiter
1231 5178 1256 5212 c.
1351 5158 1378 5229 a)
1401 5178 1491 5230 propr.
1506 5177 1526 5213 c.
1534 5179 1545 5227 ,·
1559 5159 1752 5229 proposuerint
1765 5160 1876 5211 eamear
1891 5159 1923 5212 Ρ.

319 5237 350 5291 bi
371 5254 419 5291 seu
433 5254 457 5290 c.
531 5238 558 5305 c)
580 5239 710 5293 misteriis
723 5258 746 5290 c.
826 5240 855 5304 di
877 5247 941 5292 sunt
954 5257 977 5291 c.
1052 5239 1079 5307 e)
1104 5238 1171 5309 Cap.
1186 5239 1325 5293 22—24.
1339 5241 1367 5291 ia
1381 5258 1434 5291 urm
1447 5241 1594 5309 inspicitur
1607 5240 1635 5290 ιἰι
1649 5241 1710 5292 eod.
1785 5238 1924 5305 fgvariis·

320 5326 429 5371 mantur
443 5335 466 5370 c.

421 5562 450 5633 o)
474 5561 534 5630 crs.
547 5564 668 5617 nana».
681 5564 813 5634 paras.
829 5565 907 5619 aaa.
