4380 6248
786 369 930 425 hauoth
952 370 1077 427 MAGNI
1098 370 1367 429 cAPmt'LARm

372 553 417 615 ll.
460 548 501 614 Ut
531 553 686 635 episcopi.
708 550 836 615 abbates
857 552 961 634 adque
982 550 1158 615 abbatissae
1178 553 1355 636 comiteque
1376 555 1523 618 unanimi
1543 555 1681 620 invicem
1702 556 1783 637 sint,
1809 576 1884 621 con-

268 655 441 717 sentientes
462 653 563 736 legem
586 653 626 717 ad
648 653 802 718 iudicium
823 654 943 716 iustum
966 653 1201 717 terminandum
1222 674 1297 719 cum
1318 656 1406 719 omni
1420 657 1549 721 caritate
1560 662 1592 721 et
1602 658 1771 723 concordia
1788 658 1884 743 pacis,

270 765 301 818 et
322 763 357 818 ut
377 755 511 818 fideliter
531 757 641 819 vivant
662 756 837 819 secundum
859 754 1021 819 voluntate
1041 753 1114 836 Dei,
1135 764 1171 819 ut
1192 775 1315 841 semper
1335 757 1456 841 ubique
1476 764 1507 823 et
1527 764 1655 843 propter
1668 758 1787 825 illoset
1800 762 1885 825 inter

269 857 341 921 illos
360 859 482 921 iustum
504 858 657 921 iudicium
679 856 788 941 ibique
808 856 1020 942 perficiantur.
1062 857 1237 942 Pauperes,
1264 860 1395 939 viduae,
1423 861 1554 945 orphani
1576 866 1608 925 et
1627 862 1787 946 peregrini
1808 880 1883 927 oon·

269 959 454 1023 solationem
476 959 580 1043 adque
600 959 836 1023 defensioncm¹
863 959 925 1023 hab
952 961 997 1023 eis
1025 959 1155 1037 habent,
1185 968 1220 1025 ut
1241 968 1272 1025 et
1292 981 1350 1026 nos
1371 982 1427 1046 per
1447 982 1558 1027 eorum
1578 962 1664 1027 bona
1683 964 1880 1029 voluntatem
1911 982 1925 1023 t

269 1063 370 1145 magis
390 1063 548 1145 premium
568 1062 651 1124 vitae
671 1068 796 1125 eternae
818 1082 913 1144 quam
936 1062 1125 1145 supplicium
1148 1082 1335 1128 mereamur.

372 1167 436 1229 ibt.
479 1162 620 1226 Abbatcs
641 1168 745 1227 autem
769 1168 800 1226 et
820 1164 985 1227 monachis
1006 1165 1111 1227 omnis
1132 1164 1235 1229 modis
1254 1166 1406 1230 volumus
1425 1172 1457 1231 et
1477 1168 1684 1251 precipimus,
1704 1176 1742 1231 ut
1760 1167 1882 1252 episco-

270 1268 320 1349 pis
341 1267 408 1329 suis
429 1266 516 1328 omni
532 1264 707 1329 humilitate
721 1272 752 1328 et
764 1264 985 1329 hobhedientia
1002 1267 1066 1329 sint
1081 1265 1229 1347 subiecti,
1250 1269 1333 1331 sicut
1343 1269 1495 1332 canonica
1505 1270 1732 1333 constitutione
1743 1268 1881 1333 mandat

270 1368 311 1431 Et
340 1368 444 1430 omnis
472 1366 603 1430 eclesiae
629 1366 733 1449 adque
764 1365 910 1430 basilicae
939 1368 970 1429 in
998 1366 1191 1431 eclesiastica
1219 1368 1401 1433 defensione
1426 1377 1458 1434 et
1483 1376 1669 1454 potestatem
1690 1378 1880 1455 permaneat.

269 1470 310 1533 Et
335 1470 374 1533 de
401 1468 497 1532 rebus
522 1469 589 1551 ipse
610 1467 756 1531 basilicae
782 1487 876 1531 nemo
897 1488 997 1532 ausus
1022 1471 1063 1533 sit
1089 1471 1122 1532 in
1143 1470 1299 1535 divisione
1319 1479 1375 1536 aut
1395 1472 1428 1534 in
1450 1478 1533 1536 sorte
1554 1472 1686 1537 mittere
1731 1470 1773 1537 m
1793 1472 1879 1556 quod
1898 1494 1923 1531 a

270 1572 367 1636 semel
387 1572 542 1649 otientur,
563 1590 625 1633 non
648 1570 830 1633 revolvatur
851 1577 881 1634 et
901 1572 1130 1635 sanctificetur¹
1151 1578 1182 1635 et
1194 1574 1396 1637 vindicatum.
1437 1574 1478 1638 Et
1500 1576 1526 1638 si
1547 1580 1655 1639 autem
1678 1574 1771 1639 aliter
1790 1592 1881 1658 prae·

269 1675 453 1756 sumpserit,
482 1672 680 1756 presolvatur
704 1680 735 1736 ct
762 1672 905 1736 bannum
924 1678 1067 1737 nostrum
1089 1682 1253 1758 conponat
1295 1674 1335 1738 Et
1355 1676 1502 1739 monachi
1523 1675 1562 1739 ab
1584 1678 1730 1760 episcopo
1750 1678 1880 1761 provin·

267 1777 335 1839 ciae
356 1776 456 1858 ipsius
477 1776 701 1857 corripiantur,
725 1775 809 1857 quod
830 1776 856 1837 si
879 1794 912 1838 se
934 1794 996 1837 non
1020 1774 1201 1856 emendent,
1223 1783 1300 1839 tunc
1321 1778 1574 1861 archiepiscopus
1595 1796 1650 1841 eos
1670 1778 1710 1841 ad
1728 1777 1878 1843 sinodum

269 1887 434 1955 convocem
462 1877 541 1939 etsi
563 1896 668 1959 neque
690 1878 736 1939 sic
757 1888 808 1940 se·
837 1878 1058 1952 correxerint¹,
1084 1884 1161 1940 tuuc
1183 1878 1222 1941 ad
1242 1885 1349 1941 nostra
1369 1880 1577 1964 praesentiam
1600 1879 1696 1943 mmul
1717 1900 1794 1943 cum
1815 1881 1880 1965 epi-

268 1999 362 2063 scopo
384 1999 441 2042 suo
462 1979 621 2042 veniantt
1898 2006 1922 2047 rs

370 2084 415 2147 lli.
458 2079 506 2144 Dc
527 2079 723 2144 ordinatione
743 2081 909 2163 elegenda,
930 2087 966 2143 ut
983 2081 1121 2144 domnus
1138 2082 1307 2165 imperator
1321 2083 1385 2146 iam
1407 2083 1483 2147 olim
1504 2084 1543 2147 ad
1554 2082 1748 2148 Francorum
1771 2082 1879 2147 banuo

267 2185 425 2248 concessit
444 2183 502 2245 utb
523 2183 660 2265 episcopi
681 2181 881 2261 abbatibusl,
909 2183 953 2245 ita
973 2184 1067 2246 ctiam
1089 2190 1228 2247 nuncet
1248 2183 1403 2263 firmatim
1432 2204 1469 2249 eo
1489 2192 1595 2249 tamen
1617 2186 1735 2265 tinore,
1765 2192 1803 2249 ut
1822 2204 1879 2250 ne-

268 2306 330 2367 que
352 2287 517 2368 episcopus
539 2303 643 2366 neque
663 2282 761 2346 abbas
776 2284 807 2346 in
827 2285 1017 2347 monasterio
1033 2284 1159 2347 viliores
1170 2284 1294 2348 meliori
1314 2285 1387 2368 plus
1408 2286 1509 2370 diligit
1524 2294 1555 2351 et
1575 2306 1649 2351 eum
1670 2286 1731 2351 sibi
1752 2296 1880 2371 prepter

266 2388 572 2471 consanguinitatem
596 2405 686 2448 suam
709 2385 758 2449 vel
775 2386 879 2467 aliqua
892 2385 1100 2449 adolationem
1111 2386 1295 2450 melioribus
1317 2389 1385 2451 suis
1404 2388 1559 2472 praeferre
1579 2389 1721 2469 studeat,
1741 2388 1877 2453 ettelem

268 2490 360 2553 nobis
381 2490 511 2552 ducerec
534 2488 762 2568 ordinandum,
788 2508 860 2551 curn
891 2488 1053 2552 meliorem
1074 2508 1110 2552 eo
1132 2488 1225 2552 habet
1247 2490 1422 2554 occultatod
1443 2500 1475 2555 et
1495 2491 1683 2576 oppressul:
1712 2490 1799 2573 quod
1821 2508 1878 2555 ne-
1896 2514 1922 2553 aa

268 2611 430 2675 ‹praquam
451 2590 518 2652 lieri
540 2588 706 2669 volumus,
735 2591 809 2672 qraia
835 2591 964 2653 inrisio·
985 2596 1016 2653 et
1036 2590 1157 2654 delusio
1185 2598 1292 2655 nostra
1318 2593 1378 2655 hoc
1397 2592 1466 2656 fieri
1487 2592 1620 2656 videtur.
1662 2590 1717 2656 Set
1741 2592 1816 2657 talis
1841 2592 1876 2655 in

268 2694 468 2757 monasteriis
488 2693 671 2755 nutriantur
692 2692 730 2753 ad
752 2691 965 2754 ordinandum
973 2694 989 2768 ¹,
1009 2693 1042 2755 in
1061 2702 1166 2775 quaet
1183 2693 1274 2756 uobis
1295 2698 1326 2757 et
1346 2713 1466 2757 merces
1486 2702 1517 2758 et
1538 2693 1696 2777 profectus
1716 2694 1877 2759 adcrescat

266 2793 576 2859 ‹sommendatonbus
596 2795 671 2856 suis.

350 2899 396 2962 17.
438 2896 584 2959 Monachi
607 2903 729 2975 autem,
752 2901 787 2958 ut
807 2896 939 2959 firmiter
959 2915 996 2959 ao
1017 2896 1137 2960 fortiter
1156 2898 1334 2961 secundum
1346 2898 1455 2981 regula
1468 2899 1593 2978 vivant,
1614 2898 1689 2981 quia
1711 2898 1878 2983 displicere

268 3000 335 3064 Dru
357 3001 505 3062 novimus
526 3000 673 3082 ‹prisquis
693 2999 727 3060 iu
749 3018 807 3061 sua
827 2997 991 3061 voluntate
1017 2998 1141 3080 tepidus
1170 3006 1231 3075 est,
1257 3005 1391 3063 testante
1409 2998 1551 3063 Iohanne
1577 3001 1610 3062 in
1631 3000 1875 3084 apocalypsiu⁸z
1894 3026 1921 3067 aa

266 3102 414 3166 ‘Utinam
436 3100 557 3163 calidus
578 3119 646 3163 esse
668 3107 722 3162 aut
744 3100 891 3181 frigidus:
915 3100 969 3162 sed
990 3101 1065 3182 quia
1077 3101 1202 3184 tepidus
1214 3120 1264 3181 es,
1285 3102 1422 3183 incipian
1438 3108 1469 3165 tc
1489 3120 1634 3165 evomere
1655 3120 1694 3165 ex
1716 3120 1771 3165 ore
1785 3101 1876 3166 meo'.

267 3204 415 3267 Sectaalure
445 3201 504 3265 sibi
535 3203 719 3285 negotiumg
747 3201 928 3264 nullatenus
959 3210 1121 3285 usurpent
1172 3201 1261 3264 blais
1295 3204 1484 3266 monasterio
1517 3222 1722 3286 nequaquam
1748 3222 1877 3288 progre-

267 3306 374 3369 diendi
395 3305 554 3368 licentiam
577 3302 726 3379 habeant,
748 3304 807 3366 uisi
830 3305 970 3366 maxima
992 3314 1122 3387 cogente
1143 3305 1378 3368 necessitatem:
1401 3304 1486 3387 quod
1508 3311 1614 3368 umen
1637 3306 1822 3390 episcopus,
1842 3307 1875 3369 iu

266 3410 361 3472 cuius
387 3408 527 3470 dioceseh
556 3413 664 3480 erunt,
691 3410 820 3468 omuino
849 3412 1029 3488 praecuret,
1059 3424 1100 3469 ne
1124 3406 1200 3468 foris
1226 3407 1416 3469 monasterio
1442 3407 1579 3489 avegundi
1607 3426 1702 3471 usum
1732 3406 1877 3471 babeant

267 3510 330 3574 Sed
351 3512 377 3572 si
400 3510 569 3572 necessitas
591 3508 631 3571 sit
652 3507 689 3570 ad
712 3507 852 3589 aliquam
873 3507 1104 3570 obhedientiam
1124 3506 1240 3589 aliquis
1259 3508 1336 3569 foris
1349 3527 1497 3592 pergere,
1517 3514 1549 3571 et
1568 3508 1629 3572 hoc
1648 3528 1723 3573 cum
1743 3508 1877 3573 consilio
1893 3536 1919 3579 a

267 3618 299 3677 et
320 3630 510 3675 consensum
531 3610 667 3693 episcopi
689 3608 760 3685 fiat,
780 3615 811 3672 ct
832 3609 909 3672 tales
931 3629 1081 3692 personae
1102 3629 1176 3673 cum
1198 3611 1414 3673 testimonium
1431 3609 1508 3673 farris
1522 3612 1689 3675 mittantur
1701 3612 1734 3675 in
1757 3611 1877 3697 quibus

269 3715 356 3778 nulla
378 3715 418 3777 sit
441 3714 573 3795 suspitio
594 3711 676 3774 mala
699 3712 746 3775 vel
769 3734 787 3774 a
808 3711 926 3794 quibus
953 3712 1041 3775 nulla
1067 3714 1194 3796 oppinio
1221 3712 1303 3775 mala
1328 3714 1454 3776 (oriatur.
1495 3712 1586 3776 Foris
1612 3732 1687 3777 vero
1712 3712 1876 3797 peculium

267 3818 317 3881 vel
339 3836 389 3880 res
409 3816 590 3879 monasterii
612 3814 709 3877 abbas
730 3835 803 3878 cum
825 3816 962 3898 episcopi
983 3816 1034 3877 sui
1056 3815 1212 3878 licentiam
1235 3823 1266 3877 et
1280 3816 1449 3879 consilium
1469 3814 1593 3879 ordinet
1610 3816 1665 3899 qui
1684 3816 1876 3898 praevideat.

268 3940 331 3983 uam
364 3919 570 3995 nrunachum,
604 3918 663 3979 uisi
692 3917 803 3979 aliumi
833 3916 966 3979 fidelem.
1029 3915 1203 3991 Quaesttmr
1232 3936 1343 3980 verum
1373 3916 1513 3981 seculare
1540 3917 1588 3981 vel
1620 3918 1875 4001 concupiscentia

268 4022 503 4085 nurndanarum
525 4039 631 4082 rerum
650 4019 858 4082 omnismodis
874 4019 1050 4097 devitentl3
1073 4020 1148 4101 quia
1164 4020 1296 4082 avaritia
1312 4021 1361 4083 vel
1378 4020 1633 4102 concupiscentia
1650 4019 1874 4085 hujusmundi
1892 4038 1918 4079 aa

267 4123 417 4187 omnibus
439 4128 488 4185 est
507 4121 680 4184 devetanda
703 4120 885 4197 christiani,
913 4121 1050 4183 maxime
1078 4127 1184 4183 tamen
1211 4122 1244 4183 in
1269 4120 1318 4184 his
1340 4123 1395 4203 qui
1416 4122 1538 4185 mundo
1559 4128 1590 4184 ct
1610 4122 1876 4205 concupiscentiis

267 4226 507 4289 abrenuntiasse
527 4222 659 4285 videtur.
703 4221 788 4285 Lites
805 4231 836 4285 et
854 4223 1299 4304 contentionesnequaquam,
1321 4241 1425 4305 neque
1445 4222 1527 4286 inira
1544 4242 1649 4305 neque
1668 4223 1746 4287 foris
1766 4243 1876 4287 mona·

267 4330 379 4395 sterio,
408 4346 533 4389 movere
553 4333 723 4409 prcstuuut.
767 4322 827 4399 Qui
856 4334 961 4386 autem
984 4325 1202 4407 presumserit,
1229 4326 1415 4406 gratissima
1437 4325 1601 4409 disciplina
1622 4325 1759 4411 regulari
1778 4326 1876 4389 corri-

268 4432 410 4514 piantur,
430 4435 460 4491 et
474 4428 576 4490 taliter
588 4428 700 4489 caeteri
713 4437 833 4489 metum
844 4424 978 4488 habeant
993 4426 1065 4488 tatia
1084 4426 1299 4509 perpetranda.
1330 4426 1520 4491 Ebrietatem
1534 4435 1565 4492 et
1578 4430 1875 4493 commessationem

267 4533 398 4595 omniuo
418 4531 558 4613 fugiant,
579 4530 654 4611 qum
676 4528 749 4591 iude
770 4527 901 4590 libidine
923 4529 1061 4591 maxime
1082 4528 1213 4611 polluari
1235 4528 1384 4593 omnibus
1398 4538 1508 4593 notum
1532 4537 1586 4593 est
1626 4528 1709 4593 Nam
1731 4532 1876 4615 pervenit
1891 4553 1919 4592 aa

267 4634 306 4696 ad
328 4653 420 4696 aures
441 4640 564 4695 nostras
585 4631 711 4714 oppinio
733 4631 1015 4712 perniciosissima,
1036 4629 1258 4694 fomieationos
1284 4636 1314 4694 et
1342 4632 1374 4694 in
1397 4631 1672 4696 habhominatione
1693 4639 1725 4697 et
1744 4633 1876 4697 inmun·

266 4736 342 4797 ditia
370 4734 484 4797 multas
511 4736 573 4796 iam
603 4734 633 4795 iu
661 4734 860 4795 monasteriis
893 4751 962 4795 csse
997 4731 1214 4814 deprehensos
1261 4732 1400 4796 Maxime
1429 4733 1606 4797 contristat¹
1640 4741 1673 4798 et
1697 4733 1876 4801 conturbat.

267 4837 353 4919 ‹puad
375 4838 443 4899 sine
467 4856 571 4899 errore
594 4854 707 4917 magno
729 4834 790 4896 dici
819 4840 934 4917 potest,
963 4840 996 4895 ut
1017 4833 1130 4897 under
1152 4836 1292 4898 maxima
1317 4854 1372 4917 spe
1393 4835 1504 4899 salutis
1525 4835 1675 4899 omnibus
1695 4836 1876 4899 christianis

369 5083 653 5137 x‹lecoufessiotuuu
669 5103 692 5134 c.
787 5083 816 5135 vl
839 5090 921 5152 cupmt
934 5101 995 5134 cutm
1009 5082 1140 5134 ‹ratianum-i
1152 5081 1274 5133 calluerat
1288 5080 1316 5131 ia
1331 5100 1354 5131 e,
1456 5084 1480 5149 z]
1503 5078 1659 5135 sanctificat
1672 5088 1702 5135 et
1713 5082 1837 5139 uindicet
1850 5102 1875 5137 ιε,

266 5188 283 5221 a
317 5163 538 5220 comanendum
552 5184 575 5214 c.
653 5164 671 5215 lt
703 5163 841 5233 episeopis
856 5172 883 5217 ct
898 5162 1047 5216 abbatibus
1061 5162 1155 5214 ctum?
1222 5160 1378 5215 educte.
1454 5160 1476 5213 d⁴
1505 5161 1676 5215 occultatum
1690 5168 1718 5217 et
1731 5180 1874 5233 opressum
1892 5182 1919 5223 45

266 5248 415 5313 lcpcmlum.
478 5242 497 5293 e
526 5243 636 5295 inrisior
649 5264 672 5293 c.
734 5244 756 5296 f.
778 5244 816 5295 itu
831 5243 914 5311 ltal.,·
927 5243 1080 5297 ornandum
1095 5260 1119 5293 c.
1175 5241 1204 5311 g‘·
1219 5241 1258 5292 aa
1272 5240 1394 5306 cae-ecre}
1408 5240 1612 5312 neglegentiam
1626 5260 1651 5293 c.
1707 5242 1738 5311 hl
1752 5242 1874 5298 docesc.

267 5327 394 5379 lolium
411 5346 433 5375 c.
516 5323 545 5375 k.
567 5323 712 5376 devideant
727 5342 750 5376 c.
834 5323 852 5376 l*
875 5323 990 5377 autrifat
1004 5342 1026 5374 c.
1109 5322 1147 5374 ιη’·
1174 5321 1237 5374 inde
1252 5339 1274 5373 c.

369 5547 398 5600 7·
422 5548 481 5616 (ζὴ.
497 5545 600 5601 (caecil.
617 5546 781 5615 ltcentumgt.
791 5544 856 5599 ihi.
869 5564 893 5599 c.
903 5546 927 5598 6.
1009 5544 1038 5595 tt
1060 5562 1084 5597 c.
1093 5544 1127 5613 3,
1142 5544 1187 5597 15.
1196 5544 1240 5597 ld.
