4380 6248
267 371 330 434 418
834 370 1006 426 ANSEGISI
1028 369 1323 428 CAPITULARlUlll

268 569 378 639 parare
399 549 562 628 studeant,
590 556 711 613 utnon
732 555 810 612 tunc
829 548 871 611 sit
891 565 1018 610 necesse
1039 547 1077 610 de
1099 546 1194 631 longe
1215 565 1367 630 quaerere
1388 546 1439 610 vel
1457 546 1629 621 adducere,
1656 547 1788 630 quando
1810 556 1895 611 tem·

267 672 329 737 pus
357 657 405 715 est
429 651 484 714 illa
510 651 584 716 dare
610 652 662 715 vel
689 650 882 735 persolvere,
916 650 950 712 in
978 650 1089 713 ceteris
1119 668 1194 713 vero
1221 648 1299 713 locis
1324 668 1381 733 per
1408 655 1512 713 totum
1540 649 1712 734 imperium
1739 656 1893 712 nostrum

269 754 493 837 unusquisque
514 752 656 818 fidelium
676 758 857 816 nostrorum
878 756 909 815 et
929 769 1028 835 perse
1049 757 1080 814 et
1098 770 1154 835 per
1163 752 1326 815 ministros
1344 770 1435 831 suos,
1454 752 1538 815 sicut
1560 750 1718 831 diximus,
1742 750 1894 816 sedulam

268 856 466 938 vigilantiam
487 855 641 919 adhibeat.

371 960 415 1022 18.
456 954 506 1019 De
526 955 736 1020 adnmaitime
753 955 853 1017 amiras
873 957 1018 1018 monetae.
1068 953 1116 1018 De
1144 961 1272 1019 moneta
1298 974 1391 1034 vem,
1421 955 1507 1019 unde
1535 957 1601 1019 iam
1622 974 1680 1039 per
1699 961 1766 1019 tres
1785 973 1934 1020 annosa

268 1068 300 1124 et
319 1061 567 1123 admonitionem
587 1058 720 1122 fecimus
733 1066 765 1123 et
785 1065 911 1142 tempus
934 1057 1060 1141 quando
1082 1076 1148 1120 una
1169 1061 1332 1121 teneretur
1351 1063 1383 1141 11
1404 1058 1484 1120 aliae
1506 1075 1618 1121 omnes
1639 1064 1894 1121 cessarenteon·

269 1163 449 1242 stituimus,
470 1163 528 1224 hoc
548 1161 698 1224 omnibus
719 1168 830 1224 notum
852 1159 1099 1239 essevolumus,
1121 1160 1291 1241 quoniam,
1312 1164 1348 1223 ut
1366 1158 1488 1242 absque
1508 1159 1574 1222 ulla
1597 1159 1808 1223 excusatione
1830 1159 1895 1221 cito

268 1266 368 1349 possit
389 1265 566 1343 emendari,
591 1263 729 1346 spatium
758 1281 861 1346 usque
888 1261 926 1325 ad
948 1263 1077 1325 missam
1108 1262 1210 1324 sancti
1231 1258 1361 1324 Martini
1388 1261 1463 1325 dare
1485 1261 1699 1340 decrevimus,
1731 1266 1767 1324 ut
1787 1279 1896 1324 unus·

271 1367 409 1449 quisque
436 1367 588 1429 comitum
615 1366 647 1427 in
683 1365 751 1428 suis
779 1364 962 1427 ministeriis
996 1363 1035 1427 de
1068 1363 1129 1426 1111
1156 1364 1332 1427 1111111111
1368 1371 1509 1428 nostram
1538 1370 1617 1427 tunc
1645 1364 1747 1448 possit
1772 1361 1895 1427 babere

270 1469 490 1551 adimpletam3
524 1469 675 1551 quatinus
697 1467 736 1530 ab
757 1467 810 1529 illa
831 1467 882 1529 die
902 1485 967 1529 non
987 1466 1060 1543 alie,
1087 1465 1142 1529 sed
1165 1464 1221 1528 illa
1240 1465 1308 1529 sola
1324 1485 1381 1549 per
1400 1470 1502 1530 totum
1522 1484 1660 1549 regnum
1679 1470 1830 1529 nostrum
1854 1464 1894 1527 ab
1908 1500 1935 1538 10

271 1570 422 1633 omnibus
442 1568 608 1648 habeatur,
636 1570 728 1633 iuxta
747 1569 834 1631 illam
853 1569 1126 1647 constitutionem,
1153 1569 1237 1632 siout
1264 1569 1298 1631 in
1325 1567 1486 1652 capitalia,
1511 1586 1594 1651 quae
1624 1567 1663 1631 de
1682 1567 1743 1630 hac
1769 1586 1806 1630 11
1829 1566 1895 1630 11111

270 1671 439 1735 comitibus
461 1671 607 1734 dedimus
618 1672 650 1732 in
665 1690 802 1753 quorum
818 1671 1001 1734 ministeriis
1014 1676 1141 1734 moneta
1164 1672 1352 1754 percutitur,
1374 1671 1584 1734 constitutum
1606 1683 1663 1734 est.
1706 1667 1792 1745 Quia
1814 1675 1894 1733 tunc

270 1774 420 1838 volumus
443 1775 557 1837 missos
578 1781 703 1836 nostres
723 1773 821 1835 huius
839 1773 884 1836 rei
904 1773 1005 1856 gratia
1026 1772 1160 1854 dirigere
1180 1792 1237 1856 per
1258 1773 1401 1856 singulos
1432 1773 1615 1851 comitatus,
1644 1771 1700 1855 qui
1721 1770 1896 1855 diligenter

267 1877 449 1958 inquirant,
470 1875 604 1956 qualiter
624 1876 755 1938 comites
776 1875 810 1936 in
830 1874 890 1937 hoc
910 1879 1050 1938 nostram
1062 1875 1238 1939 iussionem
1250 1874 1422 1958 adimplere
1441 1876 1637 1939 oertaverint
1678 1872 1722 1937 Et
1741 1875 1894 1957 quicum-

270 1997 333 2060 que
355 1978 524 2061 neglegens
544 1977 617 2041 inde
637 1976 916 2050 11111111111111,
949 1976 1100 2040 volumus
1128 1982 1166 2040 ut
1193 1983 1265 2041 ante
1295 1983 1437 2041 nostram
1457 1978 1669 2061 praesentiam
1696 1978 1895 2060 quantocius
1908 2002 1934 2043 m

271 2081 381 2142 venire
401 2078 548 2142 iubeatur
567 2085 598 2142 et
618 2079 772 2142 rationem
793 2079 918 2159 reddat,
947 2084 1056 2142 utrum
1085 2079 1144 2142 hoc
1175 2080 1261 2162 quod
1283 2081 1439 2143 iussimus
1459 2079 1563 2143 facere
1585 2078 1726 2143 noluerit
1746 2085 1807 2143 aut
1827 2098 1894 2142 non

271 2183 408 2266 potuerit
428 2187 497 2255 aut,
526 2183 553 2244 si
573 2180 733 2264 aliquare
754 2181 974 2264 praepediente
996 2181 1028 2243 id
1051 2180 1153 2245 faeere
1173 2200 1238 2244 non
1268 2183 1384 2265 potuit,
1409 2201 1467 2245 cur
1491 2180 1584 2245 nobis
1609 2182 1713 2265 ipsam
1743 2182 1895 2265 impossi-

271 2284 424 2348 bilitatem
447 2284 486 2346 ad
508 2289 634 2367 tempus
654 2302 719 2346 non
741 2282 950 2346 adnuntiavit
993 2280 1075 2357 Quia
1097 2284 1204 2367 siipse
1219 2289 1352 2348 autnon
1373 2283 1475 2348 voluit
1495 2290 1551 2348 aut
1572 2303 1651 2348 suae
1670 2283 1896 2367 neglegentiae

270 2405 368 2450 causa
388 2405 454 2449 non
474 2387 592 2469 potuit,
620 2405 679 2448 nos
700 2385 795 2448 talem
815 2386 959 2448 invenire
981 2384 1148 2465 velumus,
1176 2387 1233 2470 qui
1254 2386 1313 2449 hoc
1334 2385 1418 2469 quod
1440 2385 1589 2450 iubemus
1611 2404 1739 2449 servare
1759 2385 1840 2449 velit
1862 2396 1895 2449 et

272 2491 378 2574 possit
419 2487 463 2551 Ut
482 2494 588 2551 autem
608 2488 708 2551 iussio
730 2493 837 2551 nostra
857 2488 892 2550 in
912 2487 970 2550 bac
999 2506 1032 2550 re
1051 2488 1146 2550 citius
1166 2487 1351 2570 impleatur,
1377 2486 1528 2551 volumus
1547 2492 1599 2567 ut,
1629 2488 1832 2570 quicumque
1853 2486 1895 2550 ab
1907 2516 1935 2554 aa

267 2593 322 2656 illa
343 2593 393 2655 die
413 2591 513 2654 alium
536 2591 702 2654 denarium
723 2588 903 2672 negotiandi
925 2608 1021 2652 causa
1034 2589 1220 2673 protulerit,
1241 2609 1260 2651 a
1281 2591 1395 2653 comite
1405 2596 1437 2653 et
1458 2591 1613 2654 ministris
1633 2590 1705 2655 eius
1727 2589 1898 2653 auferatur

268 2694 308 2757 ab
337 2713 382 2757 eo.

371 2797 417 2860 19.
460 2790 511 2856 De
533 2793 661 2855 11111111
681 2791 837 2855 theloneis.
880 2792 1031 2856 Similiter
1053 2811 1181 2876 quoque
1205 2792 1244 2857 de
1264 2794 1393 2857 iniustis
1408 2793 1576 2873 theloneis,
1596 2794 1636 2858 de
1651 2792 1792 2877 quibus,
1815 2815 1898 2878 qua·

271 2900 344 2962 liter
365 2898 404 2961 ab
426 2896 576 2961 omnibus
597 2895 831 2960 observandum
852 2902 949 2975 esset,
975 2902 1006 2959 et
1033 2895 1180 2979 capitulis
1208 2897 1434 2959 constituimus
1460 2900 1492 2960 et
1514 2894 1722 2960 creberrimas
1746 2896 1898 2961 admoni-

274 3002 376 3063 tiones
397 3000 548 3078 ieeimus,
567 2998 716 3081 praedicti
736 2999 828 3061 missi
846 2998 1106 3061 nostrivolumus
1129 3002 1167 3061 ut
1187 2998 1429 3081 inquisitionem
1449 2997 1580 3079 faciant,
1599 3019 1619 3062 a
1642 2998 1762 3082 quibus
1783 3008 1936 3065 nestram

270 3103 376 3165 iussio
395 3103 430 3165 in
451 3102 510 3164 hoc
532 3100 717 3184 adimpleta,
738 3120 756 3163 1
778 3100 895 3183 quibus
916 3119 1045 3183 quoque
1067 3101 1107 3163 sit
1120 3099 1278 3183 neglecta3
1301 3106 1332 3164 11
1350 3119 1425 3163 eum
1445 3101 1502 3184 qui
1523 3100 1656 3184 implere
1675 3100 1821 3185 neglexit
1838 3110 1897 3165 aut

269 3203 394 3268 distulit
415 3202 454 3266 ad
474 3209 616 3266 nostram
635 3202 785 3266 volumus
807 3207 843 3265 ut
867 3202 974 3265 veniat
994 3203 1103 3265 iussus
1124 3204 1352 3284 praesentiam,
1378 3208 1415 3265 ut
1435 3201 1497 3265 cito
1519 3203 1673 3267 rationem
1693 3202 1732 3267 de
1751 3202 1823 3283 his,
1852 3205 1898 3267 si·

271 3312 328 3369 out
357 3306 504 3389 superius
531 3305 686 3381 diximuS,
718 3304 841 3381 reddat3
876 3310 907 3367 et
934 3304 961 3367 si
987 3303 1153 3387 culpabilis
1180 3304 1335 3367 inventus
1361 3303 1472 3382 fuerit,
1506 3302 1635 3388 dignam
1662 3306 1898 3369 correctionem

275 3410 422 3492 accipiat,
443 3414 479 3471 111
500 3408 610 3471 ceteris
631 3405 872 3490 neglegentibus
893 3405 1076 3490 exemplum
1096 3408 1224 3470 terroris
1243 3406 1399 3490 praebeat

372 3512 419 3575 20.
463 3505 514 3571 De
534 3507 686 3588 partibas
713 3507 768 3571 abi
795 3507 974 3587 antiquitas
999 3508 1134 3588 1111111
1160 3506 1359 3571 renovandis.
1413 3507 1456 3572 Ut
1486 3506 1544 3571 ubi
1573 3514 1685 3592 pontes
1713 3511 1935 3593 antiquitusm

273 3614 410 3677 fuerunt
430 3619 461 3676 et
482 3613 513 3674 in
537 3612 587 3674 his
607 3611 684 3675 locis
696 3609 753 3673 ubi
775 3616 915 3694 tempore
931 3610 1084 3694 genitoris
1094 3611 1194 3673 nostri
1215 3611 1283 3693 ipso
1304 3610 1434 3674 iubente
1445 3611 1644 3675 diversarum
1664 3613 1897 3676 necessitatum

277 3734 374 3778 causa
393 3714 466 3777 faeti
487 3719 590 3793 sunt,⁸
618 3713 749 3776 omnino
770 3711 891 3795 absque
912 3712 978 3775 ulla
999 3712 1147 3775 dilatione
1168 3711 1207 3775 ab
1228 3712 1279 3776 his
1300 3714 1357 3796 qui
1379 3732 1433 3777 eos
1453 3718 1531 3777 tunc
1550 3712 1696 3778 fecerunt
1722 3714 1897 3778 restituan-

270 3826 326 3880 tur
347 3824 378 3880 et
399 3822 607 3896 renoventur,
627 3817 670 3878 111
691 3822 729 3878 11
753 3815 793 3877 ad
814 3816 944 3878 missam
967 3816 1067 3879 sancti
1088 3814 1237 3879 Andreae
1258 3816 1425 3879 restaurati
1448 3814 1542 3895 fiant,
1563 3816 1627 3879 nisi
1646 3815 1727 3880 11111
1747 3823 1807 3880 aut
1824 3817 1897 3901 ipsa

276 3920 379 4003 operis
399 3917 584 4002 magnitudo
603 3922 659 3981 111
677 3936 837 4000 aquarum
859 3918 894 3979 in
917 3916 1058 4000 quolibet
1077 3917 1244 3981 inundatio
1265 3917 1325 3981 hoc
1350 3916 1521 4002 prehibeat.
1563 3917 1666 3982 Aliter
1687 3937 1764 3983 vere
1783 3919 1895 3984 nullus

276 4020 418 4105 qualibet
439 4021 602 4083 occasione
623 4021 683 4082 hoc
713 4018 882 4102 neglegere
909 4025 965 4081 aut
992 4017 1116 4083 differre
1146 4024 1340 4103 praesumat,
1371 4022 1450 4103 quin
1477 4020 1516 4083 ad
1540 4019 1736 4104 praedictum
1767 4027 1930 4106 tempusa

274 4122 467 4207 completum
492 4121 556 4186 fiat.
604 4121 645 4186 Et
670 4123 760 4185 missi
788 4121 903 4195 nostri,
937 4140 1075 4203 quorum
1102 4123 1250 4197 superius
1276 4124 1472 4186 mentionem
1496 4121 1644 4201 lecimus,
1679 4123 1834 4188 volumus
1857 4131 1894 4188 ut

273 4226 471 4304 renuntient,
490 4227 526 4287 in
548 4223 666 4307 quibus
687 4224 764 4287 locis
785 4230 893 4287 nostra
912 4223 1012 4287 iussio
1033 4223 1176 4308 impleta,
1197 4225 1231 4286 in
1253 4224 1372 4308 quibus
1392 4225 1533 4309 neglecta
1552 4229 1601 4288 est
1620 4232 1678 4289 aut
1701 4225 1813 4311 aliqua
1833 4228 1893 4291 im·

276 4327 482 4412 possibilitate
500 4325 552 4390 vel
571 4332 655 4390 certa
678 4329 800 4390 ratione
820 4325 924 4390 dilata.

376 4432 423 4494 21.
464 4424 516 4490 De
535 4428 628 4490 monis
648 4431 677 4490 11
694 4427 830 4489 decimis.
872 4426 920 4491 De
940 4429 1035 4491 nonis
1055 4428 1185 4512 quidem
1204 4435 1235 4493 et
1257 4429 1401 4494 decimis.
1429 4429 1516 4495 unde
1536 4435 1567 4495 et
1586 4432 1713 4515 genitor
1733 4441 1843 4498 noster
1861 4440 1891 4498 et

276 4551 336 4594 nos
359 4531 541 4614 frequenter
569 4537 600 4594 et
625 4532 658 4593 11
686 4531 819 4594 dirersis
844 4530 966 4613 placitis
995 4530 1244 4595 admonitionem
1273 4531 1407 4596 fecimus
1437 4538 1469 4596 et
1488 4551 1545 4616 per
1570 4533 1759 4617 capitularia
1783 4542 1923 4600 nestram

279 4633 414 4717 qualiter
433 4633 509 4697 haee
530 4632 738 4697 observentur
758 4633 990 4712 ordinavimus,
1018 4632 1169 4697 volumus
1197 4639 1292 4717 atque
1311 4634 1475 4717 iubemus,
1504 4641 1540 4699 ut
1571 4634 1611 4699 de
1631 4638 1722 4700 omni
1743 4636 1889 4702 cantabo

273 4742 345 4799 1111
366 4742 398 4801 11
418 4735 457 4799 11
477 4736 553 4798 vino
577 4742 608 4799 et
626 4734 720 4799 foeno
741 4735 875 4799 fideliter
895 4741 926 4799 11
946 4735 1080 4820 pleniter
1109 4735 1148 4799 ab
1177 4736 1327 4801 omnibus
1353 4756 1438 4801 nona
1466 4743 1499 4802 et
1525 4738 1648 4803 decima
1676 4740 1887 4824 persolvatur3

273 4839 312 4901 de
333 4839 507 4902 nutrimine
527 4857 603 4901 vero
621 4858 678 4922 pro
699 4839 835 4917 decima,
860 4839 945 4900 sicut
964 4838 1118 4902 hactenus
1138 4838 1338 4903 consuetudo
1358 4838 1435 4919 fuit,
1463 4838 1503 4903 ab
1523 4839 1675 4905 omnibus
1693 4841 1886 4907 observetur.

271 4939 307 5004 Si
328 4942 400 5023 quis
421 4947 526 5004 tamen
548 4942 769 5025 episcoporum
787 4940 884 5005 fuerit
905 4942 962 5025 qui
983 4946 1149 5025 argentum
1179 4961 1237 5025 pm
1262 4941 1323 5005 hoc
1348 4942 1487 5025 accipere
1507 4942 1600 5023 velit,
1626 4944 1661 5007 in
1682 4963 1743 5008 sua
1763 4955 1888 5009 maneat

274 5047 440 5124 potestate,
460 5043 550 5106 iuxta
574 5042 658 5126 quod
681 5043 710 5106 ei
732 5048 763 5106 et
782 5042 828 5105 illi
850 5044 906 5126 qui
928 5043 987 5106 boc
1005 5043 1184 5126 persolvere
1205 5042 1297 5108 debet
1316 5044 1507 5107 convenerit
1897 5067 1919 5106 1

371 5145 419 5209 12.
459 5140 510 5207 111
530 5143 675 5224 operibus
696 5144 731 5208 ia
751 5143 1013 5208 restaurationem
1034 5143 1233 5208 emlasiaram
1253 5143 1472 5225 adimplendis.
1518 5145 1672 5211 Similiter
1697 5148 1829 5233 quidam
1849 5148 1887 5213 de

273 5245 425 5328 operibus
446 5248 479 5311 in
499 5249 761 5312 restaurationem
783 5247 986 5311 eeclesiarum
1008 5248 1076 5312 sive
1097 5249 1132 5310 in
1152 5247 1309 5328 iaciendo,
1336 5248 1455 5312 sivein
1476 5247 1676 5331 redimendo,
1702 5250 1886 5336 episcopalis

275 5349 382 5430 potius
403 5349 728 5432 sequaturvoluntas3
751 5349 935 5413 nullatenus
955 5355 1063 5414 tamen
1072 5354 1251 5430 remaneat,
1271 5350 1367 5433 quin,
1387 5350 1470 5413 sicut
1490 5369 1510 5413 a
1531 5349 1625 5414 nobis
1645 5369 1742 5437 saepe
1762 5353 1885 5419 iussum

373 5656 403 5726 1)
422 5662 487 5711 sunt
499 5673 553 5711 om.
564 5658 648 5711 codd.
661 5657 758 5730 111111
