4418 6226
356 349 418 412 222
869 348 1154 404 ADDITAMENTA
1175 350 1228 404 ΑΙ)
1250 351 1395 406 PlPPINl
1417 351 1465 404 ET

357 532 578 615 leodeningus
602 532 767 614 episeopus
788 531 899 594 civitas
919 529 1063 614 Baiogas.
1108 531 1267 595 Eusebius
1293 534 1458 616 episcopus
1484 533 1595 595 civitas
1614 529 1754 595 Toronis.
1793 529 1878 595 'lello
1899 532 1964 615 epi·

358 654 473 718 scopus
501 635 611 696 civitas
632 632 832 696 Coeradiddo.
879 631 1054 705 Mauriolus
1081 635 1247 717 episeopus
1276 635 1386 698 civitas
1407 634 1595 696 Andecavis.
1636 631 1842 710 †¹‘lfulradus
1867 631 1964 697 abbas

360 737 398 799 do
419 737 608 799 monasterio
636 736 736 799 saneti
756 734 907 799 Dionisio.
950 734 1132 799 Lantfridus
1159 736 1256 800 abbas
1285 736 1323 799 de
1352 743 1459 799 saneto
1481 734 1647 799 Germano.
1694 735 1846 799 Iohannis
1866 734 1964 798 abbas

356 838 397 902 de
418 843 526 900 sanato
547 836 722 900 liodoaldo.
763 834 991 920 Druhtgangus
1017 837 1113 901 abbas
1139 838 1178 901 de
1198 837 1374 901 Gemedioo.
1416 837 1594 901 Withleous
1614 835 1713 900 abbas
1733 837 1772 900 de
1792 835 1964 901 Funtanel-

358 941 414 1003 las.
461 939 637 1002 Witmarus
665 938 761 1002 abbas
790 939 828 1002 de
856 937 999 1003 Centula.
1047 938 1240 1003 Leodharius
1269 939 1366 1002 abbas
1392 940 1431 1003 de
1458 938 1596 1003 Corbeia.
1643 938 1774 1003 llanase
1800 938 1898 1003 abbas
1925 939 1964 1003 de
1996 951 2009 990 ⁶

358 1040 544 1105 blaviniaco.
586 1042 755 1104 Asinarius
775 1040 871 1104 abbas
894 1042 933 1104 de
952 1041 1123 1104 Novalioio.
1163 1041 1278 1104 Waldo
1299 1040 1395 1104 abbas
1422 1041 1461 1104 de
1487 1048 1595 1105 sancto
1616 1041 1766 1104 Iohanne.
1808 1040 1963 1124 fabigau-

357 1144 419 1208 dus
441 1143 538 1206 abbas
559 1143 599 1206 de
619 1142 823 1205 Busbrunno.
867 1142 1064 1207 Godobertus
1085 1143 1181 1207 abbas
1203 1144 1241 1207 de
1262 1143 1420 1207 Rasbaeis.
1463 1142 1668 1206 Athalbertus
1688 1142 1786 1206 abbas
1807 1142 1845 1206 de
1864 1141 1961 1205 Faba·

358 1247 428 1309 rias.
469 1244 641 1309 Widradus
662 1245 760 1308 abbas
780 1245 819 1308 de
840 1256 948 1308 saneta
962 1244 1122 1309 Columba.
1164 1244 1362 1309 Ebarsindus
1383 1244 1480 1308 abbas
1502 1244 1683 1308 doAldaha
1725 1244 1847 1308 Geraus
1866 1243 1963 1308 abbas

355 1347 396 1412 de
416 1346 558 1411 Niviolla.
593 1346 810 1432 ¹Regingarius
831 1347 928 1411 abbas
950 1348 988 1411 de
1009 1347 1108 1411 Utioo.
1184 1392 1187 1397 »

457 1599 487 1660 bl
510 1600 572 1651 Hoc
585 1599 661 1668 aa'grw
673 1600 859 1670 ephcoporum
873 1601 981 1653 tremine
994 1600 1166 1652 adelbotum
1178 1600 1329 1652 aorrainr'dua
1340 1609 1520 1654 acuminatur.

379 2335 475 2440 101.
505 2331 1230 2442 quuuuoonulouus
1260 2332 1357 2441 ET
1389 2329 1945 2441 RESPONSIONES

892 2499 1425 2608 BAPTISMALES.

461 2689 631 2791 loquebar
658 2708 691 2769 in
717 2707 821 2771 codiee
846 2708 996 2771 Vatebnao
1024 2710 1106 2772 ahter
1131 2708 1381 2774 Palatrhoabi'l.
1413 2706 1492 2789 folio
1514 2709 1562 2773 6¹.
1611 2705 1788 2770 Snuooe'eae
1818 2704 1964 2770 videaur

354 2828 387 2879 el
419 2813 543 2879 soeculo
577 2825 683 2877 octavo
720 2828 892 2898 coaequae.
954 2814 1068 2896 Confer
1100 2814 1292 2898 Millleahtff
1316 2827 1347 2878 et
1377 2814 1508 2878 Schera·
1541 2812 1766 2877 ‘Denhunaeler
1800 2812 1963 2877 deutaober

359 2916 469 2982 Poeaie
487 2915 558 2979 aad
575 2915 693 2978 Proso'
714 2919 743 2979 2.
765 2916 859 2981 editio
874 2942 929 3002 pq.
946 2920 1011 2982 lob.
1027 2919 1097 2982 494.
1493 2914 1549 2991 (B.
1572 2914 1674 2992 dees&
1694 2914 1731 2977 P.
1750 2915 1779 2994 I,
1801 2914 1863 2993 19.)
1982 2935 2009 2974 rs

458 3091 681 3199 Forsaohistu
702 3133 867 3199 diobolae?
889 3145 919 3199 et
939 3137 1158 3220 respondeat²z
1182 3156 1217 3200 eo
1237 3136 1379 3199 forsacho
1401 3134 1550 3199 diabolae.

359 3237 424 3301 end
445 3237 544 3300 allum
565 3236 801 3320 diobolgeldae?
821 3239 1045 3321 respondeatb:
1067 3238 1127 3302 end
1149 3258 1185 3302 eo
1204 3237 1346 3301 forsacho
1367 3237 1464 3300 allum
1485 3235 1707 3319 diobolgeldae.

360 3339 423 3402 eud
444 3338 542 3402 allum
563 3337 702 3402 dioboles
724 3340 903 3403 uueroum?
925 3341 1145 3423 respondeat·:
1168 3339 1228 3403 end
1251 3359 1287 3403 eo
1308 3338 1450 3402 forsacho
1466 3339 1563 3402 allum
1585 3338 1724 3402 dioboles
1735 3359 1891 3403 uueroum
1901 3341 1964 3405 and

359 3440 520 3504 uuordum
553 3441 705 3504 thuuaer⁰
736 3440 816 3504 ende
844 3441 954 3504 woden
987 3441 1068 3505 ende
1099 3448 1231 3505 saxnote
1259 3441 1340 3505 ende
1365 3440 1463 3504 allum
1491 3440 1577 3504 them
1606 3441 1782 3504 unholdum
1814 3442 1866 3506 the
1894 3443 1964 3506 hira

356 3548 488 3626 genotas
510 3542 600 3606 sinu.
1982 3574 2008 3614 ιο

357 3643 514 3728 gelobistu
534 3644 568 3706 in
586 3649 639 3726 got
660 3644 869 3728 alamehtigan
889 3644 1020 3708 fadaer?
1042 3664 1078 3709 eo
1096 3646 1207 3729 gelobo
1228 3648 1262 3709 in
1282 3653 1337 3730 got
1358 3646 1565 3729 alamehtigan
1587 3645 1701 3710 fadaer.

358 3744 516 3829 gelobistu
536 3745 571 3808 in
592 3747 668 3809 crist
686 3746 782 3829 godes
804 3746 909 3810 suno?
933 3765 968 3811 ee
987 3747 1099 3831 gelobo
1120 3748 1152 3810 in
1173 3750 1249 3811 erist
1268 3758 1357 3831 gotes
1380 3767 1469 3811 suno.

357 3847 515 3931 gelobistu
536 3849 569 3910 in
591 3847 726 3932 halogan
746 3848 837 3932 gast?
860 3868 895 3912 eo
915 3849 1026 3932 gelobo
1047 3851 1081 3912 in
1100 3849 1234 3933 halogan
1255 3855 1331 3932 gast

458 4096 485 4165 a)
507 4076 577 4165 reeb.
592 4114 615 4149 c.
689 4096 719 4166 b)
741 4080 848 4167 respon.
863 4116 886 4150 c.
969 4096 995 4165 e)
1018 4099 1188 4153 thunaer....
1205 4098 1260 4152 sint
1273 4098 1404 4152 recentiora
1416 4098 1514 4151 addita
1526 4099 1660 4152 vallentur.

535 4833 630 4937 1118.
662 4827 1085 4938 lNDlOULUS
1127 4827 1789 4941 SUPERSTITIONUM
1983 4876 2010 4916 ²⁶

824 4995 919 5104 ET
960 4995 1501 5105 PAGANIARUM.

463 5186 602 5288 Legitur
631 5203 665 5263 ia
692 5202 797 5266 codiee
824 5202 975 5266 Valebono
1005 5205 1087 5266 abfer
1114 5202 1280 5265 Polatthoa
1298 5204 1368 5268 bil.
1398 5201 1455 5284 fol.
1474 5203 1502 5266 l'.
1552 5202 1602 5266 Ab
1627 5204 1749 5268 bonanae
1779 5207 1905 5289 praebeto
1931 5208 1965 5269 ab

360 5312 502 5375 Sacranae
530 5306 655 5372 saeculo
683 5321 789 5371 octavo
816 5322 982 5394 conceptue
1008 5333 1075 5373 ease
1100 5308 1233 5372 valletur.
1289 5307 1518 5372 Ponrultornm
1546 5311 1747 5394 zizloqrrehtm
1775 5312 1967 5375 uouebahaue

358 5425 407 5477 eat
426 5410 538 5494 Hefelo
560 5411 593 5472 in
615 5407 978 5494 ‘Concelebrayeaehc'oble'
999 5408 1064 5485 (ed.
1086 5409 1202 5484 altera)
1225 5411 1290 5473 ΙΙΙ.
1308 5434 1342 5495 p.
1355 5413 1535 5475 ote-511.

1491 5512 1543 5592 (B.
1566 5512 1667 5590 deam
1689 5513 1726 5576 P.
1747 5514 1775 5594 I,
1801 5517 1863 5589 19.)
1984 5536 2011 5576 ao
