<?xml version="1.0" encoding="UTF-8"?>
<!DOCTYPE html PUBLIC "-//W3C//DTD XHTML 1.0 Transitional//EN"
    "http://www.w3.org/TR/xhtml1/DTD/xhtml1-transitional.dtd">
<html xmlns="http://www.w3.org/1999/xhtml" xml:lang="en" lang="en">
 <head>
  <title>
</title>
<meta http-equiv="Content-Type" content="text/html;charset=utf-8" />
  <meta name='ocr-system' content='tesseract 3.04.00' />
  <meta name='ocr-capabilities' content='ocr_page ocr_carea ocr_par ocr_line ocrx_word'/>
</head>
<body>
  <div class='ocr_page' id='page_1' title='image "./monumentagerman00goog_0447.png"; bbox 0 0 4380 6248; ppageno 0'>
   <div class='ocr_carea' id='block_1_1' title="bbox 269 362 1317 425">
    <p class='ocr_par' dir='ltr' id='par_1_1' title="bbox 269 362 1317 425">
     <span class='ocr_line' id='line_1_1' title="bbox 269 362 1317 425; baseline -0.005 0"><span class='ocrx_word' id='word_1_1' title='bbox 269 362 330 425; x_wconf 70' lang='grc'>462</span> <span class='ocrx_word' id='word_1_2' title='bbox 830 365 1001 421; x_wconf 78' lang='lat' dir='ltr'>ANSEGlSl</span> <span class='ocrx_word' id='word_1_3' title='bbox 1024 363 1317 422; x_wconf 78' lang='lat' dir='ltr'><strong>CAPITULARIUM</strong></span> 
     </span>
    </p>
   </div>
   <div class='ocr_carea' id='block_1_2' title="bbox 269 540 1924 2463">
    <p class='ocr_par' dir='ltr' id='par_1_2' title="bbox 270 540 1924 1130">
     <span class='ocr_line' id='line_1_2' title="bbox 270 540 1882 625; baseline -0.001 -20"><span class='ocrx_word' id='word_1_4' title='bbox 270 543 495 606; x_wconf 80' lang='lat' dir='ltr'>contradixerit</span> <span class='ocrx_word' id='word_1_5' title='bbox 515 549 570 606; x_wconf 92' lang='lat' dir='ltr'>aut</span> <span class='ocrx_word' id='word_1_6' title='bbox 590 542 803 606; x_wconf 78' lang='lat' dir='ltr'><strong>contradicere</strong></span> <span class='ocrx_word' id='word_1_7' title='bbox 824 542 972 620; x_wconf 87' lang='lat' dir='ltr'>voluerit,</span> <span class='ocrx_word' id='word_1_8' title='bbox 995 548 1027 605; x_wconf 91' lang='lat' dir='ltr'>et</span> <span class='ocrx_word' id='word_1_9' title='bbox 1046 541 1105 604; x_wconf 89' lang='lat' dir='ltr'>boc</span> <span class='ocrx_word' id='word_1_10' title='bbox 1126 542 1155 605; x_wconf 90' lang='lat' dir='ltr'>ei</span> <span class='ocrx_word' id='word_1_11' title='bbox 1176 540 1384 625; x_wconf 86' lang='lat' dir='ltr'>adprobatum</span> <span class='ocrx_word' id='word_1_12' title='bbox 1404 541 1512 618; x_wconf 87' lang='lat' dir='ltr'>fuerit,</span> <span class='ocrx_word' id='word_1_13' title='bbox 1535 542 1620 625; x_wconf 87' lang='lat' dir='ltr'>quod</span> <span class='ocrx_word' id='word_1_14' title='bbox 1643 543 1748 606; x_wconf 86' lang='lat' dir='ltr'>solens</span> <span class='ocrx_word' id='word_1_15' title='bbox 1769 549 1882 605; x_wconf 82' lang='lat' dir='ltr'>contra</span> 
     </span>
     <span class='ocr_line' id='line_1_3' title="bbox 271 642 1882 727; baseline -0.002 -18"><span class='ocrx_word' id='word_1_16' title='bbox 271 647 405 709; x_wconf 87' lang='lat' dir='ltr'>missum</span> <span class='ocrx_word' id='word_1_17' title='bbox 426 645 620 708; x_wconf 92' lang='lat' dir='ltr'>dominicum</span> <span class='ocrx_word' id='word_1_18' title='bbox 643 644 682 708; x_wconf 89' lang='lat' dir='ltr'>ad</span> <span class='ocrx_word' id='word_1_19' title='bbox 703 643 915 709; x_wconf 89' lang='lat' dir='ltr'>resistendum</span> <span class='ocrx_word' id='word_1_20' title='bbox 939 645 1094 721; x_wconf 84' lang='lat' dir='ltr'>venisset,</span> <span class='ocrx_word' id='word_1_21' title='bbox 1121 642 1246 707; x_wconf 86' lang='lat' dir='ltr'>devita</span> <span class='ocrx_word' id='word_1_22' title='bbox 1273 651 1455 726; x_wconf 90' lang='lat' dir='ltr'>componat:</span> <span class='ocrx_word' id='word_1_23' title='bbox 1485 650 1518 708; x_wconf 89' lang='lat' dir='ltr'>et</span> <span class='ocrx_word' id='word_1_24' title='bbox 1543 645 1571 707; x_wconf 92' lang='lat' dir='ltr'>si</span> <span class='ocrx_word' id='word_1_25' title='bbox 1599 645 1779 727; x_wconf 81' lang='lat' dir='ltr'>negaverit,</span> <span class='ocrx_word' id='word_1_26' title='bbox 1804 663 1882 707; x_wconf 92' lang='lat' dir='ltr'>cum</span> 
     </span>
     <span class='ocr_line' id='line_1_4' title="bbox 271 745 1883 829; baseline -0.001 -18"><span class='ocrx_word' id='word_1_27' title='bbox 271 747 437 811; x_wconf 77' lang='lat' dir='ltr'>duodecim</span> <span class='ocrx_word' id='word_1_28' title='bbox 458 748 526 810; x_wconf 88' lang='lat' dir='ltr'>suis</span> <span class='ocrx_word' id='word_1_29' title='bbox 547 745 739 810; x_wconf 86' lang='lat' dir='ltr'>iuratoribus</span> <span class='ocrx_word' id='word_1_30' title='bbox 759 766 793 810; x_wconf 90' lang='lat' dir='ltr'>se</span> <span class='ocrx_word' id='word_1_31' title='bbox 812 747 953 809; x_wconf 88' lang='lat' dir='ltr'>idoniare</span> <span class='ocrx_word' id='word_1_32' title='bbox 973 746 1079 820; x_wconf 72' lang='lat' dir='ltr'>iaciat,</span> <span class='ocrx_word' id='word_1_33' title='bbox 1102 751 1198 829; x_wconf 88' lang='lat' dir='ltr'>etpro</span> <span class='ocrx_word' id='word_1_34' title='bbox 1215 764 1251 809; x_wconf 92' lang='grc'>66</span> <span class='ocrx_word' id='word_1_35' title='bbox 1264 745 1348 828; x_wconf 91' lang='lat' dir='ltr'>quod</span> <span class='ocrx_word' id='word_1_36' title='bbox 1370 765 1444 810; x_wconf 91' lang='lat' dir='ltr'>cum</span> <span class='ocrx_word' id='word_1_37' title='bbox 1466 745 1595 809; x_wconf 77' lang='lat' dir='ltr'>collecta</span> <span class='ocrx_word' id='word_1_38' title='bbox 1615 754 1726 809; x_wconf 80' lang='lat' dir='ltr'>contra</span> <span class='ocrx_word' id='word_1_39' title='bbox 1745 746 1883 809; x_wconf 90' lang='lat' dir='ltr'>missum</span> 
     </span>
     <span class='ocr_line' id='line_1_5' title="bbox 271 847 1882 933; baseline -0.001 -20"><span class='ocrx_word' id='word_1_40' title='bbox 271 851 466 913; x_wconf 89' lang='lat' dir='ltr'>dominicum</span> <span class='ocrx_word' id='word_1_41' title='bbox 487 856 628 913; x_wconf 86' lang='lat' dir='ltr'>amnatus</span> <span class='ocrx_word' id='word_1_42' title='bbox 648 850 737 912; x_wconf 88' lang='lat' dir='ltr'>venit</span> <span class='ocrx_word' id='word_1_43' title='bbox 757 849 795 911; x_wconf 91' lang='grc'>66</span> <span class='ocrx_word' id='word_1_44' title='bbox 815 848 1026 913; x_wconf 88' lang='lat' dir='ltr'>resistendum</span> <span class='ocrx_word' id='word_1_45' title='bbox 1052 847 1196 911; x_wconf 90' lang='lat' dir='ltr'>bannum</span> <span class='ocrx_word' id='word_1_46' title='bbox 1215 847 1412 912; x_wconf 91' lang='lat' dir='ltr'>dominicum</span> <span class='ocrx_word' id='word_1_47' title='bbox 1442 855 1616 933; x_wconf 85' lang='lat' dir='ltr'>componat</span> <span class='ocrx_word' id='word_1_48' title='bbox 1659 847 1764 913; x_wconf 84' lang='lat' dir='ltr'>Simili</span> <span class='ocrx_word' id='word_1_49' title='bbox 1785 848 1882 911; x_wconf 86' lang='lat' dir='ltr'>modo</span> 
     </span>
     <span class='ocr_line' id='line_1_6' title="bbox 271 948 1924 1035; baseline -0.001 -20"><span class='ocrx_word' id='word_1_50' title='bbox 271 952 408 1015; x_wconf 88' lang='lat' dir='ltr'>domnus</span> <span class='ocrx_word' id='word_1_51' title='bbox 428 953 598 1035; x_wconf 87' lang='lat' dir='ltr'>imperator</span> <span class='ocrx_word' id='word_1_52' title='bbox 618 951 657 1014; x_wconf 92' lang='lat' dir='ltr'>de</span> <span class='ocrx_word' id='word_1_53' title='bbox 679 951 746 1013; x_wconf 90' lang='lat' dir='ltr'>suis</span> <span class='ocrx_word' id='word_1_54' title='bbox 766 952 868 1014; x_wconf 81' lang='lat' dir='ltr'>vassis</span> <span class='ocrx_word' id='word_1_55' title='bbox 889 950 1050 1015; x_wconf 87' lang='lat' dir='ltr'>iudicavit.</span> <span class='ocrx_word' id='word_1_56' title='bbox 1098 948 1139 1013; x_wconf 86' lang='lat' dir='ltr'>Et</span> <span class='ocrx_word' id='word_1_57' title='bbox 1159 951 1186 1013; x_wconf 92' lang='lat' dir='ltr'>si</span> <span class='ocrx_word' id='word_1_58' title='bbox 1209 969 1321 1014; x_wconf 89' lang='lat' dir='ltr'>servus</span> <span class='ocrx_word' id='word_1_59' title='bbox 1349 950 1409 1013; x_wconf 88' lang='lat' dir='ltr'>hoc</span> <span class='ocrx_word' id='word_1_60' title='bbox 1434 950 1556 1028; x_wconf 85' lang='lat' dir='ltr'>fecerit,</span> <span class='ocrx_word' id='word_1_61' title='bbox 1582 948 1750 1035; x_wconf 80' lang='lat' dir='ltr'>disciplina</span> <span class='ocrx_word' id='word_1_62' title='bbox 1769 969 1881 1034; x_wconf 89' lang='lat' dir='ltr'>corpo-</span> <span class='ocrx_word' id='word_1_63' title='bbox 1910 962 1924 1002; x_wconf 78' lang='lat'>⁵</span> 
     </span>
     <span class='ocr_line' id='line_1_7' title="bbox 271 1053 1427 1130; baseline -0.004 -14"><span class='ocrx_word' id='word_1_64' title='bbox 271 1054 326 1116; x_wconf 90' lang='lat' dir='ltr'>rali</span> <span class='ocrx_word' id='word_1_65' title='bbox 349 1053 518 1116; x_wconf 89' lang='lat' dir='ltr'>subiaceat.</span> <span class='ocrx_word' id='word_1_66' title='bbox 1424 1127 1427 1130; x_wconf 7' lang='grc' dir='ltr'><strong><em>ἦ</em></strong></span> 
     </span>
    </p>

    <p class='ocr_par' dir='ltr' id='par_1_3' title="bbox 270 1152 1923 1954">
     <span class='ocr_line' id='line_1_8' title="bbox 370 1152 1884 1237; baseline -0.003 -16"><span class='ocrx_word' id='word_1_67' title='bbox 370 1157 416 1221; x_wconf 72' lang='grc'>65.</span> <span class='ocrx_word' id='word_1_68' title='bbox 459 1154 507 1216; x_wconf 86' lang='lat' dir='ltr'>De</span> <span class='ocrx_word' id='word_1_69' title='bbox 529 1154 638 1234; x_wconf 78' lang='lat' dir='ltr'>coqui</span> <span class='ocrx_word' id='word_1_70' title='bbox 658 1153 783 1217; x_wconf 80' lang='lat' dir='ltr'>domum</span> <span class='ocrx_word' id='word_1_71' title='bbox 808 1153 946 1217; x_wconf 77' lang='lat' dir='ltr'>alienam</span> <span class='ocrx_word' id='word_1_72' title='bbox 969 1152 1135 1217; x_wconf 76' lang='lat' dir='ltr'>cariaslibct</span> <span class='ocrx_word' id='word_1_73' title='bbox 1159 1153 1317 1234; x_wconf 76' lang='lat' dir='ltr'>infriapit.</span> <span class='ocrx_word' id='word_1_74' title='bbox 1359 1153 1393 1218; x_wconf 88' lang='lat' dir='ltr'>Si</span> <span class='ocrx_word' id='word_1_75' title='bbox 1420 1155 1494 1237; x_wconf 88' lang='lat' dir='ltr'>quis</span> <span class='ocrx_word' id='word_1_76' title='bbox 1515 1153 1646 1217; x_wconf 90' lang='lat' dir='ltr'>domum</span> <span class='ocrx_word' id='word_1_77' title='bbox 1667 1153 1806 1218; x_wconf 89' lang='lat' dir='ltr'>alienam</span> <span class='ocrx_word' id='word_1_78' title='bbox 1826 1173 1884 1217; x_wconf 92' lang='lat' dir='ltr'>cu-</span> 
     </span>
     <span class='ocr_line' id='line_1_9' title="bbox 271 1254 1884 1340; baseline -0.001 -19"><span class='ocrx_word' id='word_1_79' title='bbox 271 1257 399 1321; x_wconf 88' lang='lat' dir='ltr'>iuslibet</span> <span class='ocrx_word' id='word_1_80' title='bbox 417 1256 596 1339; x_wconf 84' lang='lat' dir='ltr'>infregerit,</span> <span class='ocrx_word' id='word_1_81' title='bbox 626 1257 778 1339; x_wconf 89' lang='lat' dir='ltr'>quicquid</span> <span class='ocrx_word' id='word_1_82' title='bbox 803 1256 919 1320; x_wconf 82' lang='lat' dir='ltr'>exinde</span> <span class='ocrx_word' id='word_1_83' title='bbox 939 1275 996 1340; x_wconf 87' lang='lat' dir='ltr'>per</span> <span class='ocrx_word' id='word_1_84' title='bbox 1017 1257 1187 1320; x_wconf 82' lang='lat' dir='ltr'>virtutem·</span> <span class='ocrx_word' id='word_1_85' title='bbox 1212 1254 1378 1320; x_wconf 80' lang='lat' dir='ltr'>abstulerit</span> <span class='ocrx_word' id='word_1_86' title='bbox 1405 1262 1462 1320; x_wconf 92' lang='lat' dir='ltr'>aut</span> <span class='ocrx_word' id='word_1_87' title='bbox 1480 1257 1619 1339; x_wconf 78' lang='lat' dir='ltr'>rapuerit</span> <span class='ocrx_word' id='word_1_88' title='bbox 1647 1256 1699 1320; x_wconf 79' lang='lat' dir='ltr'>rel</span> <span class='ocrx_word' id='word_1_89' title='bbox 1719 1256 1884 1335; x_wconf 82' lang='lat' dir='ltr'>furaverit,</span> 
     </span>
     <span class='ocr_line' id='line_1_10' title="bbox 271 1357 1884 1442; baseline -0.001 -18"><span class='ocrx_word' id='word_1_90' title='bbox 271 1360 448 1424; x_wconf 80' lang='lat' dir='ltr'>secundum</span> <span class='ocrx_word' id='word_1_91' title='bbox 469 1359 571 1441; x_wconf 86' lang='lat' dir='ltr'>legem</span> <span class='ocrx_word' id='word_1_92' title='bbox 592 1365 622 1421; x_wconf 92' lang='lat' dir='ltr'>et</span> <span class='ocrx_word' id='word_1_93' title='bbox 644 1360 766 1422; x_wconf 81' lang='lat' dir='ltr'>ewamb</span> <span class='ocrx_word' id='word_1_94' title='bbox 792 1359 837 1422; x_wconf 92' lang='lat' dir='ltr'>illi</span> <span class='ocrx_word' id='word_1_95' title='bbox 859 1359 952 1422; x_wconf 91' lang='lat' dir='ltr'>cuius</span> <span class='ocrx_word' id='word_1_96' title='bbox 973 1357 1088 1422; x_wconf 86' lang='lat' dir='ltr'>domus</span> <span class='ocrx_word' id='word_1_97' title='bbox 1114 1358 1210 1422; x_wconf 87' lang='lat' dir='ltr'>fuerit</span> <span class='ocrx_word' id='word_1_98' title='bbox 1232 1357 1365 1421; x_wconf 86' lang='lat' dir='ltr'>infracta</span> <span class='ocrx_word' id='word_1_99' title='bbox 1385 1363 1417 1422; x_wconf 89' lang='lat' dir='ltr'>et</span> <span class='ocrx_word' id='word_1_100' title='bbox 1437 1357 1568 1442; x_wconf 86' lang='lat' dir='ltr'>spoliata</span> <span class='ocrx_word' id='word_1_101' title='bbox 1589 1359 1624 1421; x_wconf 95' lang='lat' dir='ltr'>in</span> <span class='ocrx_word' id='word_1_102' title='bbox 1644 1358 1777 1442; x_wconf 86' lang='lat' dir='ltr'>triplum</span> <span class='ocrx_word' id='word_1_103' title='bbox 1797 1377 1884 1425; x_wconf 90' lang='lat' dir='ltr'>com·</span> 
     </span>
     <span class='ocr_line' id='line_1_11' title="bbox 271 1455 1923 1546; baseline -0.001 -21"><span class='ocrx_word' id='word_1_104' title='bbox 271 1473 382 1546; x_wconf 88' lang='lat' dir='ltr'>ponat.</span> <span class='ocrx_word' id='word_1_105' title='bbox 401 1468 433 1524; x_wconf 92' lang='lat' dir='ltr'>et</span> <span class='ocrx_word' id='word_1_106' title='bbox 451 1462 581 1543; x_wconf 83' lang='lat' dir='ltr'>insuper</span> <span class='ocrx_word' id='word_1_107' title='bbox 600 1460 742 1523; x_wconf 90' lang='lat' dir='ltr'>bannum</span> <span class='ocrx_word' id='word_1_108' title='bbox 765 1457 960 1520; x_wconf 90' lang='lat' dir='ltr'>dominicum</span> <span class='ocrx_word' id='word_1_109' title='bbox 983 1456 1090 1520; x_wconf 87' lang='lat' dir='ltr'>solvat</span> <span class='ocrx_word' id='word_1_110' title='bbox 1132 1455 1165 1520; x_wconf 87' lang='lat' dir='ltr'>Si</span> <span class='ocrx_word' id='word_1_111' title='bbox 1176 1474 1288 1520; x_wconf 89' lang='lat' dir='ltr'>servus</span> <span class='ocrx_word' id='word_1_112' title='bbox 1308 1456 1366 1520; x_wconf 93' lang='lat' dir='ltr'>hoc</span> <span class='ocrx_word' id='word_1_113' title='bbox 1386 1457 1508 1538; x_wconf 85' lang='lat' dir='ltr'>lecerit,</span> <span class='ocrx_word' id='word_1_114' title='bbox 1529 1461 1720 1523; x_wconf 87' lang='lat' dir='ltr'>sententiam</span> <span class='ocrx_word' id='word_1_115' title='bbox 1739 1461 1883 1544; x_wconf 88' lang='lat' dir='ltr'>superio·</span> <span class='ocrx_word' id='word_1_116' title='bbox 1897 1474 1923 1513; x_wconf 69' lang='grc' dir='ltr'>ιο</span> 
     </span>
     <span class='ocr_line' id='line_1_12' title="bbox 271 1557 1885 1646; baseline -0.001 -19"><span class='ocrx_word' id='word_1_117' title='bbox 271 1583 336 1627; x_wconf 63' lang='grc'><strong>666]</strong></span> <span class='ocrx_word' id='word_1_118' title='bbox 362 1565 505 1646; x_wconf 81' lang='lat' dir='ltr'>accipiat,</span> <span class='ocrx_word' id='word_1_119' title='bbox 537 1568 568 1626; x_wconf 93' lang='lat' dir='ltr'>et</span> <span class='ocrx_word' id='word_1_120' title='bbox 596 1563 726 1644; x_wconf 83' lang='lat' dir='ltr'>insuper</span> <span class='ocrx_word' id='word_1_121' title='bbox 749 1559 925 1623; x_wconf 91' lang='lat' dir='ltr'>secundum</span> <span class='ocrx_word' id='word_1_122' title='bbox 952 1578 1043 1621; x_wconf 87' lang='lat' dir='ltr'>suam</span> <span class='ocrx_word' id='word_1_123' title='bbox 1073 1557 1176 1641; x_wconf 84' lang='lat' dir='ltr'>legem</span> <span class='ocrx_word' id='word_1_124' title='bbox 1203 1560 1463 1642; x_wconf 81' lang='lat' dir='ltr'>compositionem</span> <span class='ocrx_word' id='word_1_125' title='bbox 1493 1561 1594 1624; x_wconf 91' lang='lat' dir='ltr'>faciat.</span> <span class='ocrx_word' id='word_1_126' title='bbox 1643 1560 1677 1625; x_wconf 88' lang='lat' dir='ltr'>Si</span> <span class='ocrx_word' id='word_1_127' title='bbox 1705 1563 1780 1645; x_wconf 87' lang='lat' dir='ltr'>quis</span> <span class='ocrx_word' id='word_1_128' title='bbox 1803 1561 1885 1625; x_wconf 89' lang='lat' dir='ltr'>liber</span> 
     </span>
     <span class='ocr_line' id='line_1_13' title="bbox 270 1660 1884 1748; baseline -0.001 -18"><span class='ocrx_word' id='word_1_129' title='bbox 270 1668 363 1730; x_wconf 92' lang='lat' dir='ltr'>homo</span> <span class='ocrx_word' id='word_1_130' title='bbox 385 1665 512 1748; x_wconf 81' lang='lat' dir='ltr'>aliquod</span> <span class='ocrx_word' id='word_1_131' title='bbox 534 1665 596 1728; x_wconf 83' lang='lat' dir='ltr'>tale</span> <span class='ocrx_word' id='word_1_132' title='bbox 617 1665 769 1727; x_wconf 88' lang='lat' dir='ltr'>damnum</span> <span class='ocrx_word' id='word_1_133' title='bbox 792 1660 921 1725; x_wconf 83' lang='lat' dir='ltr'>cuilibet</span> <span class='ocrx_word' id='word_1_134' title='bbox 940 1660 1061 1739; x_wconf 81' lang='lat' dir='ltr'>fecerit,</span> <span class='ocrx_word' id='word_1_135' title='bbox 1091 1679 1147 1743; x_wconf 93' lang='lat' dir='ltr'>pro</span> <span class='ocrx_word' id='word_1_136' title='bbox 1177 1679 1240 1743; x_wconf 88' lang='lat' dir='ltr'>quo</span> <span class='ocrx_word' id='word_1_137' title='bbox 1262 1660 1388 1743; x_wconf 91' lang='lat' dir='ltr'>plenam</span> <span class='ocrx_word' id='word_1_138' title='bbox 1409 1664 1669 1746; x_wconf 86' lang='lat' dir='ltr'>compositionem</span> <span class='ocrx_word' id='word_1_139' title='bbox 1690 1663 1796 1728; x_wconf 85' lang='lat' dir='ltr'>facere</span> <span class='ocrx_word' id='word_1_140' title='bbox 1818 1684 1884 1728; x_wconf 91' lang='lat' dir='ltr'>non</span> 
     </span>
     <span class='ocr_line' id='line_1_14' title="bbox 271 1761 1879 1850; baseline -0.001 -20"><span class='ocrx_word' id='word_1_141' title='bbox 271 1769 385 1847; x_wconf 85' lang='lat' dir='ltr'>valeat,</span> <span class='ocrx_word' id='word_1_142' title='bbox 406 1768 609 1850; x_wconf 90' lang='lat' dir='ltr'>semetipsum</span> <span class='ocrx_word' id='word_1_143' title='bbox 629 1768 663 1828; x_wconf 94' lang='lat' dir='ltr'>in</span> <span class='ocrx_word' id='word_1_144' title='bbox 685 1765 787 1827; x_wconf 87' lang='lat' dir='ltr'>wadio</span> <span class='ocrx_word' id='word_1_145' title='bbox 807 1783 863 1846; x_wconf 87' lang='lat' dir='ltr'>pro</span> <span class='ocrx_word' id='word_1_146' title='bbox 885 1782 975 1826; x_wconf 88' lang='lat' dir='ltr'>servo</span> <span class='ocrx_word' id='word_1_147' title='bbox 997 1763 1071 1825; x_wconf 89' lang='lat' dir='ltr'>dare</span> <span class='ocrx_word' id='word_1_148' title='bbox 1092 1761 1230 1840; x_wconf 80' lang='lat' dir='ltr'>studeat,</span> <span class='ocrx_word' id='word_1_149' title='bbox 1252 1763 1446 1845; x_wconf 87' lang='lat' dir='ltr'>usquedum</span> <span class='ocrx_word' id='word_1_150' title='bbox 1467 1761 1593 1847; x_wconf 88' lang='lat' dir='ltr'>plenam</span> <span class='ocrx_word' id='word_1_151' title='bbox 1615 1767 1879 1849; x_wconf 82' lang='lat' dir='ltr'>compositionem</span> 
     </span>
     <span class='ocr_line' id='line_1_15' title="bbox 271 1871 446 1954; baseline -0.011 -20"><span class='ocrx_word' id='word_1_152' title='bbox 271 1871 446 1954; x_wconf 84' lang='lat' dir='ltr'>adimpleat.</span> 
     </span>
    </p>

    <p class='ocr_par' dir='ltr' id='par_1_4' title="bbox 269 1963 1924 2463">
     <span class='ocr_line' id='line_1_16' title="bbox 370 1963 1924 2051; baseline -0.002 -15"><span class='ocrx_word' id='word_1_153' title='bbox 370 1974 417 2038; x_wconf 91' lang='grc'>66.</span> <span class='ocrx_word' id='word_1_154' title='bbox 457 1971 507 2034; x_wconf 86' lang='lat' dir='ltr'>De</span> <span class='ocrx_word' id='word_1_155' title='bbox 527 1969 675 2033; x_wconf 82' lang='lat' dir='ltr'>messibus</span> <span class='ocrx_word' id='word_1_156' title='bbox 694 1968 742 2032; x_wconf 83' lang='lat' dir='ltr'>vel</span> <span class='ocrx_word' id='word_1_157' title='bbox 760 1966 898 2030; x_wconf 78' lang='lat' dir='ltr'>annonis</span> <span class='ocrx_word' id='word_1_158' title='bbox 922 1966 957 2029; x_wconf 80' lang='lat' dir='ltr'>ira</span> <span class='ocrx_word' id='word_1_159' title='bbox 977 1965 1060 2029; x_wconf 77' lang='grc'><strong>6666</strong></span> <span class='ocrx_word' id='word_1_160' title='bbox 1079 1965 1182 2045; x_wconf 82' lang='lat' dir='ltr'>raptis</span> <span class='ocrx_word' id='word_1_161' title='bbox 1201 1963 1248 2027; x_wconf 80' lang='lat' dir='ltr'>vel</span> <span class='ocrx_word' id='word_1_162' title='bbox 1267 1965 1394 2045; x_wconf 74' lang='lat' dir='ltr'>furatis.</span> <span class='ocrx_word' id='word_1_163' title='bbox 1436 1966 1486 2031; x_wconf 70' lang='lat' dir='ltr'>Si‘</span> <span class='ocrx_word' id='word_1_164' title='bbox 1508 1970 1581 2051; x_wconf 90' lang='lat' dir='ltr'>quis</span> <span class='ocrx_word' id='word_1_165' title='bbox 1602 1988 1723 2033; x_wconf 90' lang='lat' dir='ltr'>messes</span> <span class='ocrx_word' id='word_1_166' title='bbox 1746 1977 1804 2033; x_wconf 91' lang='lat' dir='ltr'>aut</span> <span class='ocrx_word' id='word_1_167' title='bbox 1825 1990 1883 2033; x_wconf 91' lang='lat' dir='ltr'>an·</span> <span class='ocrx_word' id='word_1_168' title='bbox 1898 1984 1924 2024; x_wconf 77' lang='lat'>¹⁵</span> 
     </span>
     <span class='ocr_line' id='line_1_17' title="bbox 271 2068 1881 2156; baseline -0.001 -18"><span class='ocrx_word' id='word_1_169' title='bbox 271 2095 371 2139; x_wconf 89' lang='lat' dir='ltr'>nonas</span> <span class='ocrx_word' id='word_1_170' title='bbox 390 2077 424 2138; x_wconf 90' lang='lat' dir='ltr'>in</span> <span class='ocrx_word' id='word_1_171' title='bbox 445 2076 534 2137; x_wconf 88' lang='lat' dir='ltr'>hoste</span> <span class='ocrx_word' id='word_1_172' title='bbox 555 2092 650 2156; x_wconf 89' lang='lat' dir='ltr'>super</span> <span class='ocrx_word' id='word_1_173' title='bbox 670 2072 814 2135; x_wconf 91' lang='lat' dir='ltr'>bannum</span> <span class='ocrx_word' id='word_1_174' title='bbox 838 2071 1033 2133; x_wconf 90' lang='lat' dir='ltr'>dominicum</span> <span class='ocrx_word' id='word_1_175' title='bbox 1053 2069 1192 2152; x_wconf 88' lang='lat' dir='ltr'>rapuerit</span> <span class='ocrx_word' id='word_1_176' title='bbox 1213 2068 1285 2131; x_wconf 75' lang='lat' dir='ltr'>vel‘¹</span> <span class='ocrx_word' id='word_1_177' title='bbox 1311 2069 1455 2152; x_wconf 76' lang='lat' dir='ltr'>pexerit‘¹</span> <span class='ocrx_word' id='word_1_178' title='bbox 1476 2077 1532 2133; x_wconf 93' lang='lat' dir='ltr'>aut</span> <span class='ocrx_word' id='word_1_179' title='bbox 1551 2070 1705 2135; x_wconf 83' lang='lat' dir='ltr'>iuraverit</span> <span class='ocrx_word' id='word_1_180' title='bbox 1725 2079 1784 2135; x_wconf 91' lang='lat' dir='ltr'>aut</span> <span class='ocrx_word' id='word_1_181' title='bbox 1804 2092 1881 2136; x_wconf 89' lang='lat' dir='ltr'>cum</span> 
     </span>
     <span class='ocr_line' id='line_1_18' title="bbox 270 2170 1882 2255; baseline -0.002 -14"><span class='ocrx_word' id='word_1_182' title='bbox 270 2178 398 2241; x_wconf 83' lang='lat' dir='ltr'>caballis</span> <span class='ocrx_word' id='word_1_183' title='bbox 421 2176 603 2254; x_wconf 68' lang='lat' dir='ltr'>vastaverit,</span> <span class='ocrx_word' id='word_1_184' title='bbox 624 2176 787 2238; x_wconf 88' lang='lat' dir='ltr'>aestimato</span> <span class='ocrx_word' id='word_1_185' title='bbox 808 2173 924 2236; x_wconf 91' lang='lat' dir='ltr'>damno</span> <span class='ocrx_word' id='word_1_186' title='bbox 946 2171 1121 2235; x_wconf 91' lang='lat' dir='ltr'>secundum</span> <span class='ocrx_word' id='word_1_187' title='bbox 1145 2170 1245 2254; x_wconf 86' lang='lat' dir='ltr'>legem</span> <span class='ocrx_word' id='word_1_188' title='bbox 1271 2171 1303 2232; x_wconf 93' lang='lat' dir='ltr'>in</span> <span class='ocrx_word' id='word_1_189' title='bbox 1324 2170 1453 2254; x_wconf 91' lang='lat' dir='ltr'>triplum</span> <span class='ocrx_word' id='word_1_190' title='bbox 1473 2180 1648 2255; x_wconf 86' lang='lat' dir='ltr'>componat.</span> <span class='ocrx_word' id='word_1_191' title='bbox 1690 2171 1731 2236; x_wconf 75' lang='lat' dir='ltr'>at</span> <span class='ocrx_word' id='word_1_192' title='bbox 1750 2175 1778 2237; x_wconf 92' lang='lat' dir='ltr'>si</span> <span class='ocrx_word' id='word_1_193' title='bbox 1799 2173 1882 2237; x_wconf 89' lang='lat' dir='ltr'>liber</span> 
     </span>
     <span class='ocr_line' id='line_1_19' title="bbox 271 2273 1880 2357; baseline -0.003 -14"><span class='ocrx_word' id='word_1_194' title='bbox 271 2281 363 2343; x_wconf 90' lang='lat' dir='ltr'>homo</span> <span class='ocrx_word' id='word_1_195' title='bbox 388 2280 446 2342; x_wconf 88' lang='lat' dir='ltr'>hoc</span> <span class='ocrx_word' id='word_1_196' title='bbox 473 2279 592 2357; x_wconf 90' lang='lat' dir='ltr'>fecerit,</span> <span class='ocrx_word' id='word_1_197' title='bbox 627 2276 768 2340; x_wconf 91' lang='lat' dir='ltr'>bannum</span> <span class='ocrx_word' id='word_1_198' title='bbox 798 2275 993 2337; x_wconf 89' lang='lat' dir='ltr'>dominicum</span> <span class='ocrx_word' id='word_1_199' title='bbox 1022 2292 1077 2356; x_wconf 89' lang='lat' dir='ltr'>pro</span> <span class='ocrx_word' id='word_1_200' title='bbox 1107 2273 1165 2335; x_wconf 90' lang='lat' dir='ltr'>hac</span> <span class='ocrx_word' id='word_1_201' title='bbox 1193 2291 1226 2335; x_wconf 89' lang='lat' dir='ltr'>re</span> <span class='ocrx_word' id='word_1_202' title='bbox 1254 2291 1441 2356; x_wconf 81' lang='lat' dir='ltr'>componere</span> <span class='ocrx_word' id='word_1_203' title='bbox 1472 2281 1616 2357; x_wconf 75' lang='lat' dir='ltr'>cogatur,</span> <span class='ocrx_word' id='word_1_204' title='bbox 1657 2294 1772 2338; x_wconf 84' lang='lat' dir='ltr'>servus</span> <span class='ocrx_word' id='word_1_205' title='bbox 1803 2294 1880 2339; x_wconf 89' lang='lat' dir='ltr'>vero</span> 
     </span>
     <span class='ocr_line' id='line_1_20' title="bbox 269 2375 1881 2463; baseline -0.004 -16"><span class='ocrx_word' id='word_1_206' title='bbox 269 2383 447 2447; x_wconf 88' lang='lat' dir='ltr'>secundum</span> <span class='ocrx_word' id='word_1_207' title='bbox 469 2381 570 2463; x_wconf 86' lang='lat' dir='ltr'>legem</span> <span class='ocrx_word' id='word_1_208' title='bbox 590 2378 684 2462; x_wconf 81' lang='lat' dir='ltr'>tripla</span> <span class='ocrx_word' id='word_1_209' title='bbox 703 2377 929 2461; x_wconf 89' lang='lat' dir='ltr'>compositione</span> <span class='ocrx_word' id='word_1_210' title='bbox 948 2375 1100 2439; x_wconf 90' lang='lat' dir='ltr'>damnum</span> <span class='ocrx_word' id='word_1_211' title='bbox 1128 2376 1161 2438; x_wconf 91' lang='lat' dir='ltr'>in</span> <span class='ocrx_word' id='word_1_212' title='bbox 1183 2375 1251 2438; x_wconf 90' lang='lat' dir='ltr'>loco</span> <span class='ocrx_word' id='word_1_213' title='bbox 1270 2376 1428 2454; x_wconf 89' lang='lat' dir='ltr'>restituat,</span> <span class='ocrx_word' id='word_1_214' title='bbox 1457 2382 1488 2439; x_wconf 93' lang='lat' dir='ltr'>et</span> <span class='ocrx_word' id='word_1_215' title='bbox 1510 2395 1566 2459; x_wconf 92' lang='lat' dir='ltr'>pro</span> <span class='ocrx_word' id='word_1_216' title='bbox 1587 2376 1712 2440; x_wconf 62' lang='grc' dir='ltr'>66666Ξ</span> <span class='ocrx_word' id='word_1_217' title='bbox 1741 2377 1881 2461; x_wconf 88' lang='lat' dir='ltr'>discipli·</span> 
     </span>
    </p>
   </div>
   <div class='ocr_carea' id='block_1_3' title="bbox 271 2481 1923 2663">
    <p class='ocr_par' dir='ltr' id='par_1_5' title="bbox 271 2481 1923 2663">
     <span class='ocr_line' id='line_1_21' title="bbox 271 2481 1923 2568; baseline -0.013 -19"><span class='ocrx_word' id='word_1_218' title='bbox 271 2505 330 2549; x_wconf 89' lang='lat' dir='ltr'>nae</span> <span class='ocrx_word' id='word_1_219' title='bbox 350 2482 503 2568; x_wconf 85' lang='lat' dir='ltr'>corporali</span> <span class='ocrx_word' id='word_1_220' title='bbox 524 2481 693 2546; x_wconf 89' lang='lat' dir='ltr'>subiaceat.</span> <span class='ocrx_word' id='word_1_221' title='bbox 1896 2499 1923 2537; x_wconf 57' lang='grc' dir='ltr'>ω</span> 
     </span>
     <span class='ocr_line' id='line_1_22' title="bbox 370 2578 1881 2663; baseline -0.003 -12"><span class='ocrx_word' id='word_1_222' title='bbox 370 2588 418 2651; x_wconf 75' lang='grc'>67.</span> <span class='ocrx_word' id='word_1_223' title='bbox 458 2585 507 2648; x_wconf 85' lang='lat' dir='ltr'>De</span> <span class='ocrx_word' id='word_1_224' title='bbox 527 2583 620 2647; x_wconf 85' lang='lat' dir='ltr'>libero</span> <span class='ocrx_word' id='word_1_225' title='bbox 636 2581 759 2645; x_wconf 76' lang='lat' dir='ltr'>homine</span> <span class='ocrx_word' id='word_1_226' title='bbox 780 2579 814 2642; x_wconf 80' lang='lat' dir='ltr'>ira</span> <span class='ocrx_word' id='word_1_227' title='bbox 833 2579 947 2642; x_wconf 76' lang='lat' dir='ltr'>hostem</span> <span class='ocrx_word' id='word_1_228' title='bbox 968 2578 1102 2643; x_wconf 83' lang='lat' dir='ltr'>bannito.</span> <span class='ocrx_word' id='word_1_229' title='bbox 1144 2578 1346 2663; x_wconf 81' lang='lat' dir='ltr'>Quicumque</span> <span class='ocrx_word' id='word_1_230' title='bbox 1362 2578 1547 2643; x_wconf 85' lang='lat' dir='ltr'>liberhomo</span> <span class='ocrx_word' id='word_1_231' title='bbox 1568 2581 1601 2644; x_wconf 90' lang='lat' dir='ltr'>in</span> <span class='ocrx_word' id='word_1_232' title='bbox 1623 2581 1746 2646; x_wconf 85' lang='lat' dir='ltr'>hostem</span> <span class='ocrx_word' id='word_1_233' title='bbox 1768 2581 1881 2646; x_wconf 89' lang='lat' dir='ltr'>banni·</span> 
     </span>
    </p>
   </div>
   <div class='ocr_carea' id='block_1_4' title="bbox 268 2681 1977 5119">
    <p class='ocr_par' dir='ltr' id='par_1_6' title="bbox 270 2681 1921 3284">
     <span class='ocr_line' id='line_1_23' title="bbox 270 2681 1882 2768; baseline -0.004 -15"><span class='ocrx_word' id='word_1_234' title='bbox 270 2696 322 2754; x_wconf 87' lang='lat' dir='ltr'>tus</span> <span class='ocrx_word' id='word_1_235' title='bbox 342 2690 438 2752; x_wconf 87' lang='lat' dir='ltr'>fuerit</span> <span class='ocrx_word' id='word_1_236' title='bbox 458 2694 488 2752; x_wconf 89' lang='lat' dir='ltr'>et</span> <span class='ocrx_word' id='word_1_237' title='bbox 510 2688 618 2751; x_wconf 77' lang='lat' dir='ltr'>venire</span> <span class='ocrx_word' id='word_1_238' title='bbox 638 2685 873 2766; x_wconf 83' lang='lat' dir='ltr'>contempserit,</span> <span class='ocrx_word' id='word_1_239' title='bbox 898 2683 1029 2766; x_wconf 87' lang='lat' dir='ltr'>plenum</span> <span class='ocrx_word' id='word_1_240' title='bbox 1051 2681 1278 2761; x_wconf 88' lang='lat' dir='ltr'>heribannum,</span> <span class='ocrx_word' id='word_1_241' title='bbox 1304 2682 1337 2745; x_wconf 92' lang='lat' dir='ltr'>id</span> <span class='ocrx_word' id='word_1_242' title='bbox 1358 2688 1406 2746; x_wconf 92' lang='lat' dir='ltr'>est</span> <span class='ocrx_word' id='word_1_243' title='bbox 1427 2682 1543 2746; x_wconf 92' lang='lat' dir='ltr'>solidos</span> <span class='ocrx_word' id='word_1_244' title='bbox 1562 2685 1741 2767; x_wconf 85' lang='lat' dir='ltr'>sexaginta,</span> <span class='ocrx_word' id='word_1_245' title='bbox 1762 2685 1882 2768; x_wconf 90' lang='lat' dir='ltr'>persol-</span> 
     </span>
     <span class='ocr_line' id='line_1_24' title="bbox 271 2783 1883 2868; baseline -0.001 -17"><span class='ocrx_word' id='word_1_246' title='bbox 271 2800 337 2863; x_wconf 82' lang='lat' dir='ltr'>vat,</span> <span class='ocrx_word' id='word_1_247' title='bbox 363 2798 418 2855; x_wconf 89' lang='lat' dir='ltr'>aut</span> <span class='ocrx_word' id='word_1_248' title='bbox 439 2792 466 2853; x_wconf 91' lang='lat' dir='ltr'>si</span> <span class='ocrx_word' id='word_1_249' title='bbox 488 2809 550 2852; x_wconf 92' lang='lat' dir='ltr'>non</span> <span class='ocrx_word' id='word_1_250' title='bbox 573 2787 718 2852; x_wconf 90' lang='lat' dir='ltr'>habuerit</span> <span class='ocrx_word' id='word_1_251' title='bbox 738 2786 824 2849; x_wconf 91' lang='lat' dir='ltr'>unde</span> <span class='ocrx_word' id='word_1_252' title='bbox 845 2783 932 2848; x_wconf 91' lang='lat' dir='ltr'>illam</span> <span class='ocrx_word' id='word_1_253' title='bbox 952 2804 1111 2848; x_wconf 91' lang='lat' dir='ltr'>summam</span> <span class='ocrx_word' id='word_1_254' title='bbox 1132 2784 1302 2867; x_wconf 88' lang='lat' dir='ltr'>persolvat,</span> <span class='ocrx_word' id='word_1_255' title='bbox 1330 2786 1535 2868; x_wconf 89' lang='lat' dir='ltr'>semetipsum</span> <span class='ocrx_word' id='word_1_256' title='bbox 1557 2805 1613 2868; x_wconf 91' lang='lat' dir='ltr'>pro</span> <span class='ocrx_word' id='word_1_257' title='bbox 1639 2786 1740 2850; x_wconf 79' lang='lat' dir='ltr'>wadio</span> <span class='ocrx_word' id='word_1_258' title='bbox 1761 2788 1794 2850; x_wconf 90' lang='lat' dir='ltr'>in</span> <span class='ocrx_word' id='word_1_259' title='bbox 1818 2808 1883 2850; x_wconf 85' lang='lat' dir='ltr'>sor·</span> 
     </span>
     <span class='ocr_line' id='line_1_25' title="bbox 271 2886 1883 2978; baseline -0.001 -23"><span class='ocrx_word' id='word_1_260' title='bbox 271 2896 384 2957; x_wconf 83' lang='lat' dir='ltr'>vitium</span> <span class='ocrx_word' id='word_1_261' title='bbox 405 2893 555 2978; x_wconf 87' lang='lat' dir='ltr'>principis</span> <span class='ocrx_word' id='word_1_262' title='bbox 576 2890 693 2967; x_wconf 84' lang='lat' dir='ltr'>tradat,</span> <span class='ocrx_word' id='word_1_263' title='bbox 724 2889 823 2952; x_wconf 89' lang='lat' dir='ltr'>donec</span> <span class='ocrx_word' id='word_1_264' title='bbox 848 2907 904 2971; x_wconf 88' lang='lat' dir='ltr'>per</span> <span class='ocrx_word' id='word_1_265' title='bbox 930 2893 1071 2968; x_wconf 83' lang='lat' dir='ltr'>tempore</span> <span class='ocrx_word' id='word_1_266' title='bbox 1091 2887 1158 2968; x_wconf 90' lang='lat' dir='ltr'>ipse</span> <span class='ocrx_word' id='word_1_267' title='bbox 1181 2886 1304 2949; x_wconf 89' lang='lat' dir='ltr'>bannus</span> <span class='ocrx_word' id='word_1_268' title='bbox 1325 2886 1364 2949; x_wconf 88' lang='lat' dir='ltr'>ab</span> <span class='ocrx_word' id='word_1_269' title='bbox 1386 2905 1423 2949; x_wconf 94' lang='lat' dir='ltr'>eo</span> <span class='ocrx_word' id='word_1_270' title='bbox 1444 2886 1500 2950; x_wconf 86' lang='lat' dir='ltr'>fiat</span> <span class='ocrx_word' id='word_1_271' title='bbox 1519 2887 1717 2971; x_wconf 81' lang='lat' dir='ltr'>persolutus3</span> <span class='ocrx_word' id='word_1_272' title='bbox 1745 2898 1777 2953; x_wconf 90' lang='lat' dir='ltr'>et</span> <span class='ocrx_word' id='word_1_273' title='bbox 1804 2898 1883 2953; x_wconf 88' lang='lat' dir='ltr'>tunc</span> 
     </span>
     <span class='ocr_line' id='line_1_26' title="bbox 270 2987 1921 3073; baseline -0.002 -14"><span class='ocrx_word' id='word_1_274' title='bbox 270 2999 385 3060; x_wconf 90' lang='lat' dir='ltr'>iterum</span> <span class='ocrx_word' id='word_1_275' title='bbox 408 2996 446 3058; x_wconf 86' lang='lat' dir='ltr'>ad</span> <span class='ocrx_word' id='word_1_276' title='bbox 468 3001 585 3058; x_wconf 87' lang='lat' dir='ltr'>statum</span> <span class='ocrx_word' id='word_1_277' title='bbox 613 2992 764 3055; x_wconf 84' lang='lat' dir='ltr'>libertatis</span> <span class='ocrx_word' id='word_1_278' title='bbox 792 3009 869 3053; x_wconf 90' lang='lat' dir='ltr'>suae</span> <span class='ocrx_word' id='word_1_279' title='bbox 895 2994 1080 3054; x_wconf 84' lang='lat' dir='ltr'>revertatur.</span> <span class='ocrx_word' id='word_1_280' title='bbox 1122 2987 1163 3050; x_wconf 86' lang='lat' dir='ltr'>Et</span> <span class='ocrx_word' id='word_1_281' title='bbox 1188 2989 1215 3051; x_wconf 92' lang='lat' dir='ltr'>si</span> <span class='ocrx_word' id='word_1_282' title='bbox 1237 2988 1289 3052; x_wconf 89' lang='lat' dir='ltr'>ille</span> <span class='ocrx_word' id='word_1_283' title='bbox 1316 2988 1410 3051; x_wconf 92' lang='lat' dir='ltr'>homo</span> <span class='ocrx_word' id='word_1_284' title='bbox 1439 2991 1495 3072; x_wconf 87' lang='lat' dir='ltr'>qui</span> <span class='ocrx_word' id='word_1_285' title='bbox 1521 2998 1647 3073; x_wconf 88' lang='lat' dir='ltr'>propter</span> <span class='ocrx_word' id='word_1_286' title='bbox 1667 2991 1921 3055; x_wconf 73' lang='lat' dir='ltr'>benbannumo</span> 
     </span>
     <span class='ocr_line' id='line_1_27' title="bbox 271 3090 1881 3177; baseline -0.004 -14"><span class='ocrx_word' id='word_1_287' title='bbox 271 3118 305 3163; x_wconf 87' lang='lat' dir='ltr'>se</span> <span class='ocrx_word' id='word_1_288' title='bbox 327 3100 360 3161; x_wconf 93' lang='lat' dir='ltr'>in</span> <span class='ocrx_word' id='word_1_289' title='bbox 384 3099 547 3161; x_wconf 89' lang='lat' dir='ltr'>servitium</span> <span class='ocrx_word' id='word_1_290' title='bbox 568 3095 695 3158; x_wconf 90' lang='lat' dir='ltr'>tradidit</span> <span class='ocrx_word' id='word_1_291' title='bbox 715 3095 747 3155; x_wconf 92' lang='lat' dir='ltr'>in</span> <span class='ocrx_word' id='word_1_292' title='bbox 771 3092 824 3155; x_wconf 87' lang='lat' dir='ltr'>illo</span> <span class='ocrx_word' id='word_1_293' title='bbox 845 3092 972 3155; x_wconf 84' lang='lat' dir='ltr'>servitio</span> <span class='ocrx_word' id='word_1_294' title='bbox 992 3090 1160 3154; x_wconf 90' lang='lat' dir='ltr'>defunctus</span> <span class='ocrx_word' id='word_1_295' title='bbox 1182 3090 1289 3168; x_wconf 87' lang='lat' dir='ltr'>fuerit,</span> <span class='ocrx_word' id='word_1_296' title='bbox 1312 3091 1442 3154; x_wconf 82' lang='lat' dir='ltr'>hercles</span> <span class='ocrx_word' id='word_1_297' title='bbox 1464 3092 1534 3156; x_wconf 90' lang='lat' dir='ltr'>eius</span> <span class='ocrx_word' id='word_1_298' title='bbox 1556 3091 1775 3163; x_wconf 77' lang='lat' dir='ltr'>hereditatem,</span> <span class='ocrx_word' id='word_1_299' title='bbox 1797 3113 1881 3177; x_wconf 87' lang='lat' dir='ltr'>qnae</span> 
     </span>
     <span class='ocr_line' id='line_1_28' title="bbox 270 3192 1698 3284; baseline -0.004 -20"><span class='ocrx_word' id='word_1_300' title='bbox 270 3200 308 3264; x_wconf 88' lang='lat' dir='ltr'>ad</span> <span class='ocrx_word' id='word_1_301' title='bbox 330 3219 384 3263; x_wconf 85' lang='lat' dir='ltr'>eos</span> <span class='ocrx_word' id='word_1_302' title='bbox 404 3201 552 3284; x_wconf 85' lang='lat' dir='ltr'>pertinet,</span> <span class='ocrx_word' id='word_1_303' title='bbox 573 3217 636 3260; x_wconf 91' lang='grc'>666</span> <span class='ocrx_word' id='word_1_304' title='bbox 659 3197 790 3280; x_wconf 89' lang='lat' dir='ltr'>perdant</span> <span class='ocrx_word' id='word_1_305' title='bbox 810 3214 869 3257; x_wconf 92' lang='lat' dir='ltr'>nec</span> <span class='ocrx_word' id='word_1_306' title='bbox 890 3193 1081 3272; x_wconf 87' lang='lat' dir='ltr'>libertatem,</span> <span class='ocrx_word' id='word_1_307' title='bbox 1103 3213 1160 3257; x_wconf 91' lang='lat' dir='ltr'>nec</span> <span class='ocrx_word' id='word_1_308' title='bbox 1183 3193 1222 3256; x_wconf 92' lang='lat' dir='ltr'>de</span> <span class='ocrx_word' id='word_1_309' title='bbox 1243 3194 1311 3275; x_wconf 91' lang='lat' dir='ltr'>ipso</span> <span class='ocrx_word' id='word_1_310' title='bbox 1333 3192 1439 3257; x_wconf 90' lang='lat' dir='ltr'>banno</span> <span class='ocrx_word' id='word_1_311' title='bbox 1461 3193 1592 3257; x_wconf 79' lang='lat' dir='ltr'>obnoxii</span> <span class='ocrx_word' id='word_1_312' title='bbox 1612 3195 1698 3259; x_wconf 87' lang='lat' dir='ltr'>fiant</span> 
     </span>
    </p>

    <p class='ocr_par' dir='ltr' id='par_1_7' title="bbox 269 3294 1977 3892">
     <span class='ocr_line' id='line_1_29' title="bbox 369 3294 1881 3381; baseline -0.003 -15"><span class='ocrx_word' id='word_1_313' title='bbox 369 3305 417 3367; x_wconf 81' lang='grc'>68.</span> <span class='ocrx_word' id='word_1_314' title='bbox 458 3300 507 3363; x_wconf 86' lang='lat' dir='ltr'>De</span> <span class='ocrx_word' id='word_1_315' title='bbox 526 3298 697 3362; x_wconf 70' lang='lat' dir='ltr'>beilou-rao</span> <span class='ocrx_word' id='word_1_316' title='bbox 718 3294 896 3359; x_wconf 77' lang='grc'><strong>66666666.</strong></span> <span class='ocrx_word' id='word_1_317' title='bbox 939 3295 982 3359; x_wconf 93' lang='lat' dir='ltr'>Ut</span> <span class='ocrx_word' id='word_1_318' title='bbox 1003 3315 1067 3358; x_wconf 92' lang='grc'>666</span> <span class='ocrx_word' id='word_1_319' title='bbox 1090 3314 1145 3379; x_wconf 90' lang='lat' dir='ltr'>per</span> <span class='ocrx_word' id='word_1_320' title='bbox 1155 3295 1295 3378; x_wconf 89' lang='lat' dir='ltr'>aliquam</span> <span class='ocrx_word' id='word_1_321' title='bbox 1307 3296 1521 3375; x_wconf 88' lang='lat' dir='ltr'>occasionem,</span> <span class='ocrx_word' id='word_1_322' title='bbox 1543 3316 1602 3360; x_wconf 90' lang='lat' dir='ltr'>nec</span> <span class='ocrx_word' id='word_1_323' title='bbox 1623 3317 1678 3381; x_wconf 89' lang='lat' dir='ltr'>pro</span> <span class='ocrx_word' id='word_1_324' title='bbox 1700 3304 1802 3362; x_wconf 88' lang='lat' dir='ltr'>wacta</span> <span class='ocrx_word' id='word_1_325' title='bbox 1822 3318 1881 3362; x_wconf 91' lang='lat' dir='ltr'>nec</span> 
     </span>
     <span class='ocr_line' id='line_1_30' title="bbox 271 3384 1977 3483; baseline -0.002 -15"><span class='ocrx_word' id='word_1_326' title='bbox 271 3406 309 3469; x_wconf 91' lang='lat' dir='ltr'>de</span> <span class='ocrx_word' id='word_1_327' title='bbox 330 3424 417 3468; x_wconf 82' lang='lat' dir='ltr'>sacra</span> <span class='ocrx_word' id='word_1_328' title='bbox 444 3423 501 3467; x_wconf 86' lang='lat' dir='ltr'>nec</span> <span class='ocrx_word' id='word_1_329' title='bbox 530 3403 569 3466; x_wconf 88' lang='grc'>66</span> <span class='ocrx_word' id='word_1_330' title='bbox 596 3401 701 3464; x_wconf 67' lang='lat' dir='ltr'>tvai-da</span> <span class='ocrx_word' id='word_1_331' title='bbox 726 3419 785 3463; x_wconf 91' lang='lat' dir='ltr'>nec</span> <span class='ocrx_word' id='word_1_332' title='bbox 811 3419 867 3483; x_wconf 90' lang='lat' dir='ltr'>pro</span> <span class='ocrx_word' id='word_1_333' title='bbox 897 3397 1095 3477; x_wconf 74' lang='lat' dir='ltr'>heribergare</span> <span class='ocrx_word' id='word_1_334' title='bbox 1122 3416 1182 3461; x_wconf 88' lang='lat' dir='ltr'>nee</span> <span class='ocrx_word' id='word_1_335' title='bbox 1205 3416 1261 3481; x_wconf 87' lang='lat' dir='ltr'>pro</span> <span class='ocrx_word' id='word_1_336' title='bbox 1291 3397 1352 3460; x_wconf 90' lang='lat' dir='ltr'>alio</span> <span class='ocrx_word' id='word_1_337' title='bbox 1379 3397 1500 3478; x_wconf 91' lang='lat' dir='ltr'>banno,</span> <span class='ocrx_word' id='word_1_338' title='bbox 1529 3398 1742 3464; x_wconf 87' lang='lat' dir='ltr'>heribannum</span> <span class='ocrx_word' id='word_1_339' title='bbox 1775 3421 1883 3466; x_wconf 86' lang='lat' dir='ltr'>comes</span> <span class='ocrx_word' id='word_1_340' title='bbox 1948 3384 1977 3397; x_wconf 54' lang='lat'>‘⁵</span> 
     </span>
     <span class='ocr_line' id='line_1_31' title="bbox 269 3498 1919 3588; baseline -0.002 -18"><span class='ocrx_word' id='word_1_341' title='bbox 269 3513 413 3571; x_wconf 80' lang='lat' dir='ltr'>exactare</span> <span class='ocrx_word' id='word_1_342' title='bbox 434 3513 629 3588; x_wconf 88' lang='lat' dir='ltr'>praesumat,</span> <span class='ocrx_word' id='word_1_343' title='bbox 648 3504 709 3565; x_wconf 89' lang='lat' dir='ltr'>nisi</span> <span class='ocrx_word' id='word_1_344' title='bbox 733 3503 850 3565; x_wconf 77' lang='lat' dir='ltr'>mIssus</span> <span class='ocrx_word' id='word_1_345' title='bbox 871 3507 980 3564; x_wconf 87' lang='lat' dir='ltr'>noster</span> <span class='ocrx_word' id='word_1_346' title='bbox 1000 3501 1089 3584; x_wconf 88' lang='lat' dir='ltr'>prius</span> <span class='ocrx_word' id='word_1_347' title='bbox 1108 3498 1319 3563; x_wconf 89' lang='lat' dir='ltr'>heribannum</span> <span class='ocrx_word' id='word_1_348' title='bbox 1335 3500 1373 3562; x_wconf 91' lang='grc'>66</span> <span class='ocrx_word' id='word_1_349' title='bbox 1395 3508 1515 3583; x_wconf 90' lang='lat' dir='ltr'>partem</span> <span class='ocrx_word' id='word_1_350' title='bbox 1538 3508 1679 3566; x_wconf 86' lang='lat' dir='ltr'>nostram</span> <span class='ocrx_word' id='word_1_351' title='bbox 1699 3504 1831 3588; x_wconf 86' lang='lat' dir='ltr'>recipiat</span> <span class='ocrx_word' id='word_1_352' title='bbox 1851 3516 1919 3569; x_wconf 68' lang='lat' dir='ltr'>etto</span> 
     </span>
     <span class='ocr_line' id='line_1_32' title="bbox 270 3601 1880 3690; baseline -0.001 -18"><span class='ocrx_word' id='word_1_353' title='bbox 270 3611 299 3672; x_wconf 88' lang='lat' dir='ltr'>ei</span> <span class='ocrx_word' id='word_1_354' title='bbox 320 3628 411 3672; x_wconf 90' lang='lat' dir='ltr'>suam</span> <span class='ocrx_word' id='word_1_355' title='bbox 434 3608 558 3670; x_wconf 90' lang='lat' dir='ltr'>tertiam</span> <span class='ocrx_word' id='word_1_356' title='bbox 579 3612 698 3690; x_wconf 88' lang='lat' dir='ltr'>partem</span> <span class='ocrx_word' id='word_1_357' title='bbox 718 3603 833 3667; x_wconf 84' lang='lat' dir='ltr'>exinde</span> <span class='ocrx_word' id='word_1_358' title='bbox 848 3621 904 3686; x_wconf 91' lang='lat' dir='ltr'>per</span> <span class='ocrx_word' id='word_1_359' title='bbox 919 3603 1094 3666; x_wconf 91' lang='lat' dir='ltr'>iussionem</span> <span class='ocrx_word' id='word_1_360' title='bbox 1110 3607 1250 3666; x_wconf 86' lang='lat' dir='ltr'>nostram</span> <span class='ocrx_word' id='word_1_361' title='bbox 1272 3601 1375 3666; x_wconf 88' lang='lat' dir='ltr'>donet.</span> <span class='ocrx_word' id='word_1_362' title='bbox 1417 3601 1489 3685; x_wconf 91' lang='lat' dir='ltr'>Ipse</span> <span class='ocrx_word' id='word_1_363' title='bbox 1502 3623 1576 3667; x_wconf 85' lang='lat' dir='ltr'>vero</span> <span class='ocrx_word' id='word_1_364' title='bbox 1597 3604 1796 3670; x_wconf 79' lang='lat' dir='ltr'>heribannus</span> <span class='ocrx_word' id='word_1_365' title='bbox 1817 3627 1880 3670; x_wconf 91' lang='grc'>666</span> 
     </span>
     <span class='ocr_line' id='line_1_33' title="bbox 269 3703 1883 3792; baseline -0.001 -18"><span class='ocrx_word' id='word_1_366' title='bbox 269 3717 431 3775; x_wconf 82' lang='lat' dir='ltr'>exactetur</span> <span class='ocrx_word' id='word_1_367' title='bbox 461 3728 565 3792; x_wconf 86' lang='lat' dir='ltr'>neque</span> <span class='ocrx_word' id='word_1_368' title='bbox 592 3709 624 3770; x_wconf 92' lang='lat' dir='ltr'>in</span> <span class='ocrx_word' id='word_1_369' title='bbox 653 3708 745 3771; x_wconf 90' lang='lat' dir='ltr'>terris</span> <span class='ocrx_word' id='word_1_370' title='bbox 773 3724 877 3789; x_wconf 88' lang='lat' dir='ltr'>neque</span> <span class='ocrx_word' id='word_1_371' title='bbox 903 3707 937 3767; x_wconf 91' lang='lat' dir='ltr'>in</span> <span class='ocrx_word' id='word_1_372' title='bbox 966 3704 1146 3788; x_wconf 91' lang='lat' dir='ltr'>mancipiis,</span> <span class='ocrx_word' id='word_1_373' title='bbox 1178 3703 1232 3766; x_wconf 86' lang='lat' dir='ltr'>sed</span> <span class='ocrx_word' id='word_1_374' title='bbox 1262 3705 1295 3766; x_wconf 92' lang='lat' dir='ltr'>in</span> <span class='ocrx_word' id='word_1_375' title='bbox 1322 3724 1399 3768; x_wconf 88' lang='lat' dir='ltr'>auro</span> <span class='ocrx_word' id='word_1_376' title='bbox 1424 3711 1455 3768; x_wconf 93' lang='lat' dir='ltr'>et</span> <span class='ocrx_word' id='word_1_377' title='bbox 1481 3712 1625 3788; x_wconf 82' lang='lat' dir='ltr'>argento,</span> <span class='ocrx_word' id='word_1_378' title='bbox 1653 3707 1758 3791; x_wconf 90' lang='lat' dir='ltr'>palliis</span> <span class='ocrx_word' id='word_1_379' title='bbox 1787 3720 1883 3792; x_wconf 87' lang='lat' dir='ltr'>atque</span> 
     </span>
     <span class='ocr_line' id='line_1_34' title="bbox 269 3805 1880 3892; baseline -0.001 -15"><span class='ocrx_word' id='word_1_380' title='bbox 269 3815 366 3877; x_wconf 90' lang='lat' dir='ltr'>armis</span> <span class='ocrx_word' id='word_1_381' title='bbox 403 3820 434 3876; x_wconf 88' lang='lat' dir='ltr'>et</span> <span class='ocrx_word' id='word_1_382' title='bbox 469 3809 661 3874; x_wconf 86' lang='lat' dir='ltr'>animalibus</span> <span class='ocrx_word' id='word_1_383' title='bbox 702 3815 797 3892; x_wconf 90' lang='lat' dir='ltr'>atque</span> <span class='ocrx_word' id='word_1_384' title='bbox 834 3807 1008 3891; x_wconf 87' lang='lat' dir='ltr'>pecudibus</span> <span class='ocrx_word' id='word_1_385' title='bbox 1047 3808 1115 3870; x_wconf 81' lang='lat' dir='ltr'>sire</span> <span class='ocrx_word' id='word_1_386' title='bbox 1152 3805 1268 3869; x_wconf 87' lang='lat' dir='ltr'>talibus</span> <span class='ocrx_word' id='word_1_387' title='bbox 1306 3805 1471 3889; x_wconf 88' lang='lat' dir='ltr'>speciebus</span> <span class='ocrx_word' id='word_1_388' title='bbox 1509 3827 1592 3890; x_wconf 85' lang='lat' dir='ltr'>quae</span> <span class='ocrx_word' id='word_1_389' title='bbox 1628 3809 1668 3872; x_wconf 92' lang='lat' dir='ltr'>ad</span> <span class='ocrx_word' id='word_1_390' title='bbox 1711 3810 1880 3876; x_wconf 87' lang='lat' dir='ltr'>utilitatem</span> 
     </span>
    </p>

    <p class='ocr_par' dir='ltr' id='par_1_8' title="bbox 268 3917 1915 4408">
     <span class='ocr_line' id='line_1_35' title="bbox 308 3917 433 3979; baseline -0.016 0"><span class='ocrx_word' id='word_1_391' title='bbox 308 3917 433 3979; x_wconf 87' lang='lat' dir='ltr'>rtinent</span> 
     </span>
     <span class='ocr_line' id='line_1_36' title="bbox 268 3936 1915 4094; baseline -0.006 -13"><span class='ocrx_word' id='word_1_392' title='bbox 268 3936 307 4000; x_wconf 60' lang='lat' dir='ltr'>pe</span> <span class='ocrx_word' id='word_1_393' title='bbox 370 4019 416 4082; x_wconf 82' lang='grc'>69.</span> <span class='ocrx_word' id='word_1_394' title='bbox 458 4013 508 4077; x_wconf 86' lang='lat' dir='ltr'>De</span> <span class='ocrx_word' id='word_1_395' title='bbox 527 4014 577 4077; x_wconf 85' lang='lat' dir='ltr'>bis</span> <span class='ocrx_word' id='word_1_396' title='bbox 596 4013 653 4093; x_wconf 77' lang='lat' dir='ltr'>qui</span> <span class='ocrx_word' id='word_1_397' title='bbox 672 4011 790 4093; x_wconf 76' lang='lat' dir='ltr'>reputes</span> <span class='ocrx_word' id='word_1_398' title='bbox 808 4011 920 4074; x_wconf 80' lang='lat' dir='ltr'>habent</span> <span class='ocrx_word' id='word_1_399' title='bbox 939 4010 1068 4073; x_wconf 82' lang='lat' dir='ltr'>honores</span> <span class='ocrx_word' id='word_1_400' title='bbox 1089 4014 1117 4072; x_wconf 84' lang='lat' dir='ltr'>et</span> <span class='ocrx_word' id='word_1_401' title='bbox 1137 4009 1174 4072; x_wconf 80' lang='lat' dir='ltr'>io</span> <span class='ocrx_word' id='word_1_402' title='bbox 1193 4009 1307 4073; x_wconf 74' lang='grc'><strong>666666</strong></span> <span class='ocrx_word' id='word_1_403' title='bbox 1326 4010 1450 4074; x_wconf 62' lang='lat' dir='ltr'>mandi</span> <span class='ocrx_word' id='word_1_404' title='bbox 1470 4011 1514 4074; x_wconf 84' lang='grc'>66</span> <span class='ocrx_word' id='word_1_405' title='bbox 1533 4011 1709 4075; x_wconf 78' lang='lat' dir='ltr'>condictam</span> <span class='ocrx_word' id='word_1_406' title='bbox 1729 4012 1915 4094; x_wconf 73' lang='lat' dir='ltr'>placitum</span> 
     </span>
     <span class='ocr_line' id='line_1_37' title="bbox 268 4113 1879 4198; baseline 0.001 -17"><span class='ocrx_word' id='word_1_407' title='bbox 268 4138 331 4181; x_wconf 82' lang='grc'>666</span> <span class='ocrx_word' id='word_1_408' title='bbox 352 4117 499 4180; x_wconf 61' lang='lat' dir='ltr'>catenat</span> <span class='ocrx_word' id='word_1_409' title='bbox 543 4115 745 4198; x_wconf 82' lang='lat' dir='ltr'>Quicumque</span> <span class='ocrx_word' id='word_1_410' title='bbox 771 4115 865 4177; x_wconf 92' lang='lat' dir='ltr'>homo</span> <span class='ocrx_word' id='word_1_411' title='bbox 890 4119 1016 4177; x_wconf 91' lang='lat' dir='ltr'>nostros</span> <span class='ocrx_word' id='word_1_412' title='bbox 1044 4113 1164 4177; x_wconf 91' lang='lat' dir='ltr'>habens</span> <span class='ocrx_word' id='word_1_413' title='bbox 1192 4114 1326 4178; x_wconf 89' lang='lat' dir='ltr'>honores</span> <span class='ocrx_word' id='word_1_414' title='bbox 1354 4115 1388 4177; x_wconf 92' lang='lat' dir='ltr'>in</span> <span class='ocrx_word' id='word_1_415' title='bbox 1416 4116 1538 4178; x_wconf 89' lang='lat' dir='ltr'>hostem</span> <span class='ocrx_word' id='word_1_416' title='bbox 1560 4114 1712 4180; x_wconf 89' lang='lat' dir='ltr'>bannitus</span> <span class='ocrx_word' id='word_1_417' title='bbox 1736 4117 1833 4181; x_wconf 87' lang='lat' dir='ltr'>luerit</span> <span class='ocrx_word' id='word_1_418' title='bbox 1850 4131 1879 4183; x_wconf 89' lang='lat' dir='ltr'>et</span> 
     </span>
     <span class='ocr_line' id='line_1_38' title="bbox 270 4214 1875 4303; baseline 0 -18"><span class='ocrx_word' id='word_1_419' title='bbox 270 4222 308 4285; x_wconf 91' lang='lat' dir='ltr'>ad</span> <span class='ocrx_word' id='word_1_420' title='bbox 330 4221 511 4285; x_wconf 81' lang='lat' dir='ltr'>condictum</span> <span class='ocrx_word' id='word_1_421' title='bbox 532 4219 683 4303; x_wconf 78' lang='lat' dir='ltr'>placitum</span> <span class='ocrx_word' id='word_1_422' title='bbox 704 4236 768 4280; x_wconf 92' lang='grc'>666</span> <span class='ocrx_word' id='word_1_423' title='bbox 790 4218 925 4291; x_wconf 83' lang='lat' dir='ltr'>venerit,</span> <span class='ocrx_word' id='word_1_424' title='bbox 947 4222 1025 4298; x_wconf 87' lang='lat' dir='ltr'>quot</span> <span class='ocrx_word' id='word_1_425' title='bbox 1045 4214 1157 4279; x_wconf 90' lang='lat' dir='ltr'>diebus</span> <span class='ocrx_word' id='word_1_426' title='bbox 1179 4222 1249 4298; x_wconf 92' lang='lat' dir='ltr'>post</span> <span class='ocrx_word' id='word_1_427' title='bbox 1270 4216 1419 4299; x_wconf 91' lang='lat' dir='ltr'>placitum</span> <span class='ocrx_word' id='word_1_428' title='bbox 1442 4217 1622 4282; x_wconf 83' lang='lat' dir='ltr'>condictum</span> <span class='ocrx_word' id='word_1_429' title='bbox 1644 4221 1771 4284; x_wconf 78' lang='lat' dir='ltr'>venisse</span> <span class='ocrx_word' id='word_1_430' title='bbox 1792 4241 1875 4285; x_wconf 92' lang='lat' dir='ltr'>com·</span> 
     </span>
     <span class='ocr_line' id='line_1_39' title="bbox 270 4319 1238 4408; baseline -0.007 -21"><span class='ocrx_word' id='word_1_431' title='bbox 270 4323 419 4408; x_wconf 87' lang='lat' dir='ltr'>probatus</span> <span class='ocrx_word' id='word_1_432' title='bbox 438 4324 551 4398; x_wconf 86' lang='lat' dir='ltr'>fuerit,</span> <span class='ocrx_word' id='word_1_433' title='bbox 575 4329 620 4385; x_wconf 92' lang='lat' dir='ltr'>tot</span> <span class='ocrx_word' id='word_1_434' title='bbox 641 4320 753 4383; x_wconf 90' lang='lat' dir='ltr'>diebus</span> <span class='ocrx_word' id='word_1_435' title='bbox 774 4319 930 4382; x_wconf 88' lang='lat' dir='ltr'>abstineat</span> <span class='ocrx_word' id='word_1_436' title='bbox 950 4339 969 4380; x_wconf 92' lang='lat' dir='ltr'>a</span> <span class='ocrx_word' id='word_1_437' title='bbox 990 4336 1084 4381; x_wconf 88' lang='lat' dir='ltr'>carne</span> <span class='ocrx_word' id='word_1_438' title='bbox 1105 4324 1136 4381; x_wconf 91' lang='lat' dir='ltr'>et</span> <span class='ocrx_word' id='word_1_439' title='bbox 1155 4319 1238 4380; x_wconf 88' lang='lat' dir='ltr'>vino.</span> 
     </span>
    </p>

    <p class='ocr_par' dir='ltr' id='par_1_9' title="bbox 269 4418 1913 4796">
     <span class='ocr_line' id='line_1_40' title="bbox 371 4418 1878 4506; baseline -0.003 -14"><span class='ocrx_word' id='word_1_440' title='bbox 371 4429 417 4492; x_wconf 80' lang='grc'>76.</span> <span class='ocrx_word' id='word_1_441' title='bbox 459 4423 509 4487; x_wconf 89' lang='lat' dir='ltr'>De</span> <span class='ocrx_word' id='word_1_442' title='bbox 527 4423 577 4486; x_wconf 84' lang='lat' dir='ltr'>bis</span> <span class='ocrx_word' id='word_1_443' title='bbox 597 4421 654 4503; x_wconf 80' lang='lat' dir='ltr'>qui</span> <span class='ocrx_word' id='word_1_444' title='bbox 673 4421 742 4484; x_wconf 81' lang='lat' dir='ltr'>sina</span> <span class='ocrx_word' id='word_1_445' title='bbox 763 4419 890 4482; x_wconf 85' lang='lat' dir='ltr'>licentia</span> <span class='ocrx_word' id='word_1_446' title='bbox 910 4418 948 4482; x_wconf 84' lang='lat' dir='ltr'>de</span> <span class='ocrx_word' id='word_1_447' title='bbox 967 4418 1050 4481; x_wconf 80' lang='lat' dir='ltr'>hoste</span> <span class='ocrx_word' id='word_1_448' title='bbox 1068 4423 1277 4482; x_wconf 71' lang='lat' dir='ltr'>revertantur.</span> <span class='ocrx_word' id='word_1_449' title='bbox 1319 4419 1521 4504; x_wconf 80' lang='lat' dir='ltr'>Quicumque</span> <span class='ocrx_word' id='word_1_450' title='bbox 1540 4421 1662 4506; x_wconf 90' lang='lat' dir='ltr'>absque</span> <span class='ocrx_word' id='word_1_451' title='bbox 1682 4422 1812 4489; x_wconf 86' lang='lat' dir='ltr'>lieentia</span> <span class='ocrx_word' id='word_1_452' title='bbox 1831 4426 1878 4489; x_wconf 80' lang='lat' dir='ltr'>rel</span> 
     </span>
     <span class='ocr_line' id='line_1_41' title="bbox 269 4522 1913 4613; baseline 0.001 -23"><span class='ocrx_word' id='word_1_453' title='bbox 269 4529 475 4613; x_wconf 87' lang='lat' dir='ltr'>permissione</span> <span class='ocrx_word' id='word_1_454' title='bbox 504 4527 655 4610; x_wconf 86' lang='lat' dir='ltr'>principis</span> <span class='ocrx_word' id='word_1_455' title='bbox 684 4525 723 4589; x_wconf 91' lang='lat' dir='ltr'>de</span> <span class='ocrx_word' id='word_1_456' title='bbox 748 4525 836 4587; x_wconf 88' lang='lat' dir='ltr'>hoste</span> <span class='ocrx_word' id='word_1_457' title='bbox 862 4541 1011 4586; x_wconf 88' lang='lat' dir='ltr'>reversus</span> <span class='ocrx_word' id='word_1_458' title='bbox 1037 4522 1147 4602; x_wconf 84' lang='lat' dir='ltr'>luerit,</span> <span class='ocrx_word' id='word_1_459' title='bbox 1177 4523 1262 4605; x_wconf 92' lang='lat' dir='ltr'>qnod</span> <span class='ocrx_word' id='word_1_460' title='bbox 1288 4524 1407 4586; x_wconf 88' lang='lat' dir='ltr'>tactum</span> <span class='ocrx_word' id='word_1_461' title='bbox 1434 4523 1547 4589; x_wconf 84' lang='lat' dir='ltr'>Franci</span> <span class='ocrx_word' id='word_1_462' title='bbox 1571 4525 1732 4589; x_wconf 86' lang='lat' dir='ltr'>heriscliz¹</span> <span class='ocrx_word' id='word_1_463' title='bbox 1762 4527 1913 4601; x_wconf 68' lang='lat' dir='ltr'>dicuntur</span> 
     </span>
     <span class='ocr_line' id='line_1_42' title="bbox 271 4624 1876 4711; baseline 0.001 -20"><span class='ocrx_word' id='word_1_464' title='bbox 271 4631 418 4694; x_wconf 85' lang='lat' dir='ltr'>volumus</span> <span class='ocrx_word' id='word_1_465' title='bbox 442 4637 478 4693; x_wconf 90' lang='lat' dir='ltr'>nt</span> <span class='ocrx_word' id='word_1_466' title='bbox 500 4631 631 4711; x_wconf 86' lang='lat' dir='ltr'>antiqua</span> <span class='ocrx_word' id='word_1_467' title='bbox 650 4627 832 4690; x_wconf 89' lang='lat' dir='ltr'>constitutio</span> <span class='ocrx_word' id='word_1_468' title='bbox 859 4625 889 4687; x_wconf 91' lang='lat' dir='ltr'>id</span> <span class='ocrx_word' id='word_1_469' title='bbox 917 4632 964 4689; x_wconf 89' lang='lat' dir='ltr'>est</span> <span class='ocrx_word' id='word_1_470' title='bbox 989 4624 1130 4706; x_wconf 87' lang='lat' dir='ltr'>capitalis</span> <span class='ocrx_word' id='word_1_471' title='bbox 1151 4626 1306 4688; x_wconf 87' lang='lat' dir='ltr'>sententia</span> <span class='ocrx_word' id='word_1_472' title='bbox 1333 4644 1407 4709; x_wconf 81' lang='lat' dir='ltr'>erga</span> <span class='ocrx_word' id='word_1_473' title='bbox 1437 4626 1528 4691; x_wconf 91' lang='lat' dir='ltr'>illum</span> <span class='ocrx_word' id='word_1_474' title='bbox 1549 4627 1751 4711; x_wconf 89' lang='lat' dir='ltr'>puniendum</span> <span class='ocrx_word' id='word_1_475' title='bbox 1774 4638 1876 4693; x_wconf 86' lang='lat' dir='ltr'>custo·</span> 
     </span>
     <span class='ocr_line' id='line_1_43' title="bbox 271 4733 384 4796; baseline 0.009 -1"><span class='ocrx_word' id='word_1_476' title='bbox 271 4733 384 4796; x_wconf 89' lang='lat' dir='ltr'>diatur.</span> 
     </span>
    </p>

    <p class='ocr_par' dir='ltr' id='par_1_10' title="bbox 270 4827 1915 5119">
     <span class='ocr_line' id='line_1_44' title="bbox 373 4827 1877 4915; baseline 0.001 -16"><span class='ocrx_word' id='word_1_477' title='bbox 373 4837 419 4899; x_wconf 81' lang='lat' dir='ltr'>tl.</span> <span class='ocrx_word' id='word_1_478' title='bbox 462 4830 656 4912; x_wconf 68' lang='lat' dir='ltr'>Delosque*</span> <span class='ocrx_word' id='word_1_479' title='bbox 681 4830 829 4909; x_wconf 76' lang='lat' dir='ltr'>beneficia</span> <span class='ocrx_word' id='word_1_480' title='bbox 852 4828 1034 4908; x_wconf 82' lang='lat' dir='ltr'>principum</span> <span class='ocrx_word' id='word_1_481' title='bbox 1060 4827 1182 4892; x_wconf 81' lang='lat' dir='ltr'>hubent.</span> <span class='ocrx_word' id='word_1_482' title='bbox 1233 4827 1435 4913; x_wconf 84' lang='lat' dir='ltr'>Quicumque</span> <span class='ocrx_word' id='word_1_483' title='bbox 1461 4851 1502 4895; x_wconf 89' lang='lat' dir='ltr'>ex</span> <span class='ocrx_word' id='word_1_484' title='bbox 1529 4832 1576 4895; x_wconf 89' lang='lat' dir='ltr'>eis</span> <span class='ocrx_word' id='word_1_485' title='bbox 1603 4833 1659 4915; x_wconf 89' lang='lat' dir='ltr'>qui</span> <span class='ocrx_word' id='word_1_486' title='bbox 1688 4832 1877 4900; x_wconf 87' lang='lat' dir='ltr'>beneficium</span> 
     </span>
     <span class='ocr_line' id='line_1_45' title="bbox 271 4932 1878 5019; baseline 0.004 -21"><span class='ocrx_word' id='word_1_487' title='bbox 271 4938 420 5019; x_wconf 87' lang='lat' dir='ltr'>principis</span> <span class='ocrx_word' id='word_1_488' title='bbox 441 4935 556 4998; x_wconf 87' lang='lat' dir='ltr'>habent</span> <span class='ocrx_word' id='word_1_489' title='bbox 578 4953 682 5018; x_wconf 90' lang='lat' dir='ltr'>parem</span> <span class='ocrx_word' id='word_1_490' title='bbox 706 4952 801 4996; x_wconf 89' lang='lat' dir='ltr'>suum</span> <span class='ocrx_word' id='word_1_491' title='bbox 823 4941 932 4995; x_wconf 89' lang='lat' dir='ltr'>contra</span> <span class='ocrx_word' id='word_1_492' title='bbox 952 4932 1056 4994; x_wconf 88' lang='lat' dir='ltr'>hostes</span> <span class='ocrx_word' id='word_1_493' title='bbox 1084 4949 1269 4994; x_wconf 88' lang='lat' dir='ltr'>communes</span> <span class='ocrx_word' id='word_1_494' title='bbox 1300 4932 1332 4994; x_wconf 91' lang='lat' dir='ltr'>in</span> <span class='ocrx_word' id='word_1_495' title='bbox 1358 4934 1500 4997; x_wconf 84' lang='lat' dir='ltr'>exercitu</span> <span class='ocrx_word' id='word_1_496' title='bbox 1520 4942 1702 5018; x_wconf 82' lang='lat' dir='ltr'>pergentem</span> <span class='ocrx_word' id='word_1_497' title='bbox 1723 4938 1878 5004; x_wconf 85' lang='lat' dir='ltr'>dimiserit</span> 
     </span>
     <span class='ocr_line' id='line_1_46' title="bbox 270 5032 1915 5119; baseline -0.005 -18"><span class='ocrx_word' id='word_1_498' title='bbox 270 5056 300 5101; x_wconf 85' lang='lat' dir='ltr'>et</span> <span class='ocrx_word' id='word_1_499' title='bbox 322 5059 394 5101; x_wconf 85' lang='lat' dir='ltr'>cum</span> <span class='ocrx_word' id='word_1_500' title='bbox 417 5058 453 5101; x_wconf 90' lang='lat' dir='ltr'>eo</span> <span class='ocrx_word' id='word_1_501' title='bbox 472 5039 519 5100; x_wconf 88' lang='lat' dir='ltr'>ire</span> <span class='ocrx_word' id='word_1_502' title='bbox 540 5038 588 5101; x_wconf 81' lang='lat' dir='ltr'>vel</span> <span class='ocrx_word' id='word_1_503' title='bbox 609 5045 692 5100; x_wconf 84' lang='lat' dir='ltr'>stare</span> <span class='ocrx_word' id='word_1_504' title='bbox 715 5036 867 5114; x_wconf 89' lang='lat' dir='ltr'>noluerit,</span> <span class='ocrx_word' id='word_1_505' title='bbox 889 5035 1040 5097; x_wconf 90' lang='lat' dir='ltr'>honorem</span> <span class='ocrx_word' id='word_1_506' title='bbox 1062 5053 1157 5096; x_wconf 88' lang='lat' dir='ltr'>suum</span> <span class='ocrx_word' id='word_1_507' title='bbox 1178 5041 1209 5097; x_wconf 89' lang='lat' dir='ltr'>et</span> <span class='ocrx_word' id='word_1_508' title='bbox 1231 5032 1419 5098; x_wconf 89' lang='lat' dir='ltr'>beneficium</span> <span class='ocrx_word' id='word_1_509' title='bbox 1440 5036 1557 5119; x_wconf 87' lang='lat' dir='ltr'>perdet</span> <span class='ocrx_word' id='word_1_510' title='bbox 1888 5053 1915 5094; x_wconf 79' lang='grc'>6</span> 
     </span>
    </p>
   </div>
   <div class='ocr_carea' id='block_1_5' title="bbox 268 5322 1918 5725">
    <p class='ocr_par' dir='ltr' id='par_1_11' title="bbox 268 5322 1918 5725">
     <span class='ocr_line' id='line_1_47' title="bbox 370 5322 1877 5399; baseline -0.01 -17"><span class='ocrx_word' id='word_1_511' title='bbox 370 5328 397 5396; x_wconf 85' lang='grc'>6)</span> <span class='ocrx_word' id='word_1_512' title='bbox 419 5329 474 5382; x_wconf 89' lang='lat' dir='ltr'>vim</span> <span class='ocrx_word' id='word_1_513' title='bbox 487 5330 569 5381; x_wconf 81' lang='lat' dir='ltr'>codd.</span> <span class='ocrx_word' id='word_1_514' title='bbox 581 5328 740 5399; x_wconf 71' lang='lat' dir='ltr'>correptores.</span> <span class='ocrx_word' id='word_1_515' title='bbox 790 5322 821 5398; x_wconf 92' lang='grc'>6)</span> <span class='ocrx_word' id='word_1_516' title='bbox 843 5342 903 5379; x_wconf 88' lang='lat' dir='ltr'>eam</span> <span class='ocrx_word' id='word_1_517' title='bbox 914 5325 956 5378; x_wconf 75' lang='lat' dir='ltr'>va</span> <span class='ocrx_word' id='word_1_518' title='bbox 968 5323 1048 5377; x_wconf 68' lang='lat' dir='ltr'>aliter·</span> <span class='ocrx_word' id='word_1_519' title='bbox 1055 5322 1132 5388; x_wconf 78' lang='lat' dir='ltr'>soleo</span> <span class='ocrx_word' id='word_1_520' title='bbox 1140 5323 1257 5394; x_wconf 79' lang='lat' dir='ltr'>plarirna&#39;</span> <span class='ocrx_word' id='word_1_521' title='bbox 1265 5326 1347 5378; x_wconf 80' lang='lat' dir='ltr'>codd.</span> <span class='ocrx_word' id='word_1_522' title='bbox 1399 5328 1427 5396; x_wconf 85' lang='grc'>6)</span> <span class='ocrx_word' id='word_1_523' title='bbox 1450 5325 1540 5381; x_wconf 72' lang='lat' dir='ltr'>codd,</span> <span class='ocrx_word' id='word_1_524' title='bbox 1554 5325 1652 5382; x_wconf 58' lang='lat' dir='ltr'>Gothia·</span> <span class='ocrx_word' id='word_1_525' title='bbox 1665 5329 1726 5384; x_wconf 59' lang='lat' dir='ltr'>Vm,</span> <span class='ocrx_word' id='word_1_526' title='bbox 1736 5332 1802 5386; x_wconf 55' lang='lat'>1²01,</span> <span class='ocrx_word' id='word_1_527' title='bbox 1811 5332 1877 5388; x_wconf 41' lang='lat'>553·</span> 
     </span>
     <span class='ocr_line' id='line_1_48' title="bbox 278 5404 1879 5479; baseline 0.001 -17"><span class='ocrx_word' id='word_1_528' title='bbox 278 5409 334 5462; x_wconf 74' lang='lat' dir='ltr'>Vnt.</span> <span class='ocrx_word' id='word_1_529' title='bbox 352 5407 596 5466; x_wconf 65' lang='lat' dir='ltr'>chattaeus</span> <span class='ocrx_word' id='word_1_530' title='bbox 610 5408 694 5464; x_wconf 77' lang='lat'><strong>1036.</strong></span> <span class='ocrx_word' id='word_1_531' title='bbox 718 5408 781 5459; x_wconf 85' lang='lat' dir='ltr'>l&#39;nr.</span> <span class='ocrx_word' id='word_1_532' title='bbox 791 5404 868 5459; x_wconf 88' lang='grc'><strong>4636</strong></span> <span class='ocrx_word' id='word_1_533' title='bbox 888 5405 1024 5457; x_wconf 62' lang='lat' dir='ltr'>athicem</span> <span class='ocrx_word' id='word_1_534' title='bbox 1038 5411 1143 5456; x_wconf 75' lang='lat' dir='ltr'>aarum</span> <span class='ocrx_word' id='word_1_535' title='bbox 1157 5404 1254 5457; x_wconf 75' lang='lat' dir='ltr'>hobam</span> <span class='ocrx_word' id='word_1_536' title='bbox 1270 5412 1296 5457; x_wconf 78' lang='lat' dir='ltr'>et</span> <span class='ocrx_word' id='word_1_537' title='bbox 1311 5404 1371 5459; x_wconf 82' lang='lat' dir='ltr'>loeo</span> <span class='ocrx_word' id='word_1_538' title='bbox 1382 5407 1498 5478; x_wconf 73' lang='lat' dir='ltr'>capitali</span> <span class='ocrx_word' id='word_1_539' title='bbox 1509 5408 1594 5479; x_wconf 61' lang='lat' dir='ltr'>ilarius</span> <span class='ocrx_word' id='word_1_540' title='bbox 1611 5410 1711 5464; x_wconf 79' lang='lat' dir='ltr'>verbo:</span> <span class='ocrx_word' id='word_1_541' title='bbox 1731 5410 1879 5469; x_wconf 63' lang='lat' dir='ltr'>sententis</span> 
     </span>
     <span class='ocr_line' id='line_1_49' title="bbox 269 5483 1879 5560; baseline -0.008 -16"><span class='ocrx_word' id='word_1_542' title='bbox 269 5490 354 5546; x_wconf 81' lang='lat' dir='ltr'>docet</span> <span class='ocrx_word' id='word_1_543' title='bbox 416 5488 446 5556; x_wconf 80' lang='lat' dir='ltr'>d)</span> <span class='ocrx_word' id='word_1_544' title='bbox 466 5488 512 5543; x_wconf 85' lang='lat' dir='ltr'>vel</span> <span class='ocrx_word' id='word_1_545' title='bbox 520 5488 627 5560; x_wconf 82' lang='lat' dir='ltr'>paverit</span> <span class='ocrx_word' id='word_1_546' title='bbox 636 5489 665 5540; x_wconf 78' lang='lat' dir='ltr'>io</span> <span class='ocrx_word' id='word_1_547' title='bbox 673 5486 810 5540; x_wconf 74' lang='lat' dir='ltr'>rroranolla&#39;a</span> <span class='ocrx_word' id='word_1_548' title='bbox 825 5484 963 5538; x_wconf 77' lang='lat' dir='ltr'>oodr&#39;cibtoe</span> <span class='ocrx_word' id='word_1_549' title='bbox 975 5485 1017 5538; x_wconf 81' lang='lat' dir='ltr'>vel</span> <span class='ocrx_word' id='word_1_550' title='bbox 1026 5483 1176 5537; x_wconf 73' lang='grc'><strong>66666661</strong></span> <span class='ocrx_word' id='word_1_551' title='bbox 1189 5495 1254 5554; x_wconf 88' lang='lat' dir='ltr'>post</span> <span class='ocrx_word' id='word_1_552' title='bbox 1264 5483 1398 5540; x_wconf 83' lang='lat' dir='ltr'>furaverit</span> <span class='ocrx_word' id='word_1_553' title='bbox 1409 5488 1501 5557; x_wconf 70' lang='lat' dir='ltr'>posita</span> <span class='ocrx_word' id='word_1_554' title='bbox 1509 5497 1589 5559; x_wconf 62' lang='lat' dir='ltr'>5an</span> <span class='ocrx_word' id='word_1_555' title='bbox 1597 5491 1724 5559; x_wconf 60' lang='lat' dir='ltr'>form</span> <span class='ocrx_word' id='word_1_556' title='bbox 1735 5494 1816 5547; x_wconf 52' lang='lat' dir='ltr'>„m</span> <span class='ocrx_word' id='word_1_557' title='bbox 1826 5512 1879 5547; x_wconf 61' lang='lat' dir='ltr'><em>m</em></span> 
     </span>
     <span class='ocr_line' id='line_1_50' title="bbox 268 5563 1879 5642; baseline -0.007 -18"><span class='ocrx_word' id='word_1_558' title='bbox 268 5571 384 5638; x_wconf 72' lang='grc'><strong>666666</strong></span> <span class='ocrx_word' id='word_1_559' title='bbox 400 5577 471 5621; x_wconf 78' lang='grc'><strong>666.</strong></span> <span class='ocrx_word' id='word_1_560' title='bbox 556 5576 584 5642; x_wconf 76' lang='lat' dir='ltr'>ej</span> <span class='ocrx_word' id='word_1_561' title='bbox 606 5569 645 5621; x_wconf 75' lang='grc'>66</span> <span class='ocrx_word' id='word_1_562' title='bbox 658 5567 732 5621; x_wconf 68' lang='lat' dir='ltr'>aolus</span> <span class='ocrx_word' id='word_1_563' title='bbox 748 5568 832 5621; x_wconf 71' lang='lat' dir='ltr'>coclear</span> <span class='ocrx_word' id='word_1_564' title='bbox 850 5565 1030 5635; x_wconf 71' lang='lat' dir='ltr'>Corbelemr&#39;a5</span> <span class='ocrx_word' id='word_1_565' title='bbox 1047 5565 1148 5618; x_wconf 89' lang='lat' dir='ltr'>damno</span> <span class='ocrx_word' id='word_1_566' title='bbox 1162 5563 1206 5618; x_wconf 81' lang='lat' dir='ltr'>vel</span> <span class='ocrx_word' id='word_1_567' title='bbox 1220 5565 1342 5636; x_wconf 88' lang='lat' dir='ltr'>dampno</span> <span class='ocrx_word' id='word_1_568' title='bbox 1359 5564 1420 5621; x_wconf 72' lang='lat' dir='ltr'>reta</span> <span class='ocrx_word' id='word_1_569' title='bbox 1500 5566 1527 5638; x_wconf 69' lang='grc' dir='ltr'>ἰ)</span> <span class='ocrx_word' id='word_1_570' title='bbox 1546 5568 1588 5623; x_wconf 74' lang='lat' dir='ltr'>tta</span> <span class='ocrx_word' id='word_1_571' title='bbox 1599 5569 1745 5642; x_wconf 54' lang='lat' dir='ltr'>pterim</span> <span class='ocrx_word' id='word_1_572' title='bbox 1766 5573 1879 5630; x_wconf 53' lang='lat' dir='ltr'>mu,</span> 
     </span>
     <span class='ocr_line' id='line_1_51' title="bbox 276 5649 1918 5725; baseline -0.018 -23"><span class='ocrx_word' id='word_1_573' title='bbox 276 5649 454 5719; x_wconf 63' lang='lat' dir='ltr'>Weseaermup.</span> <span class='ocrx_word' id='word_1_574' title='bbox 1888 5678 1918 5725; x_wconf 47' lang='lat' dir='ltr'>a</span> 
     </span>
    </p>
   </div>
   <div class='ocr_carea' id='block_1_6' title="bbox 0 0 2194 6244">
    <p class='ocr_par' dir='ltr' id='par_1_12' title="bbox 0 0 2194 6244">
     <span class='ocr_line' id='line_1_52' title="bbox 0 0 2194 6244; baseline 0 0"><span class='ocrx_word' id='word_1_575' title='bbox 0 0 2194 6244; x_wconf 95' lang='lat' dir='ltr'> </span> 
     </span>
    </p>
   </div>
  </div>
 </body>
</html>
