<?xml version="1.0" encoding="UTF-8"?>
<!DOCTYPE html PUBLIC "-//W3C//DTD XHTML 1.0 Transitional//EN"
    "http://www.w3.org/TR/xhtml1/DTD/xhtml1-transitional.dtd">
<html xmlns="http://www.w3.org/1999/xhtml" xml:lang="en" lang="en">
 <head>
  <title>
</title>
<meta http-equiv="Content-Type" content="text/html;charset=utf-8" />
  <meta name='ocr-system' content='tesseract 3.04.00' />
  <meta name='ocr-capabilities' content='ocr_page ocr_carea ocr_par ocr_line ocrx_word'/>
</head>
<body>
  <div class='ocr_page' id='page_1' title='image "./monumentagerman00goog_0078.png"; bbox 0 0 4380 6248; ppageno 0'>
   <div class='ocr_carea' id='block_1_1' title="bbox 830 403 1923 467">
    <p class='ocr_par' dir='ltr' id='par_1_1' title="bbox 830 403 1923 467">
     <span class='ocr_line' id='line_1_1' title="bbox 830 403 1923 467; baseline 0.002 -2"><span class='ocrx_word' id='word_1_1' title='bbox 830 408 974 465; x_wconf 87' lang='lat' dir='ltr'>KAROLI</span> <span class='ocrx_word' id='word_1_2' title='bbox 995 408 1121 464; x_wconf 77' lang='lat' dir='ltr'>MAGNI</span> <span class='ocrx_word' id='word_1_3' title='bbox 1143 406 1412 464; x_wconf 70' lang='lat' dir='ltr'>csrlrclmrtln„</span> <span class='ocrx_word' id='word_1_4' title='bbox 1887 403 1923 467; x_wconf 80' lang='grc'>61</span> 
     </span>
    </p>
   </div>
   <div class='ocr_carea' id='block_1_2' title="bbox 244 587 1956 5165">
    <p class='ocr_par' dir='ltr' id='par_1_2' title="bbox 314 587 1926 980">
     <span class='ocr_line' id='line_1_2' title="bbox 314 587 1926 674; baseline 0.001 -26"><span class='ocrx_word' id='word_1_5' title='bbox 314 608 429 672; x_wconf 85' lang='lat' dir='ltr'>vagare</span> <span class='ocrx_word' id='word_1_6' title='bbox 448 598 480 653; x_wconf 91' lang='lat' dir='ltr'>et</span> <span class='ocrx_word' id='word_1_7' title='bbox 499 589 699 674; x_wconf 77' lang='lat' dir='ltr'>deceptiones</span> <span class='ocrx_word' id='word_1_8' title='bbox 719 590 904 654; x_wconf 88' lang='lat' dir='ltr'>hominibus</span> <span class='ocrx_word' id='word_1_9' title='bbox 924 609 1032 674; x_wconf 85' lang='lat' dir='ltr'>agere,</span> <span class='ocrx_word' id='word_1_10' title='bbox 1051 608 1111 653; x_wconf 92' lang='lat' dir='ltr'>nec</span> <span class='ocrx_word' id='word_1_11' title='bbox 1131 590 1183 652; x_wconf 90' lang='lat' dir='ltr'>isti</span> <span class='ocrx_word' id='word_1_12' title='bbox 1204 588 1283 652; x_wconf 92' lang='lat' dir='ltr'>nudi</span> <span class='ocrx_word' id='word_1_13' title='bbox 1304 607 1379 651; x_wconf 91' lang='lat' dir='ltr'>cum</span> <span class='ocrx_word' id='word_1_14' title='bbox 1399 588 1499 668; x_wconf 81' lang='lat' dir='ltr'>ferro,</span> <span class='ocrx_word' id='word_1_15' title='bbox 1521 590 1577 671; x_wconf 90' lang='lat' dir='ltr'>qui</span> <span class='ocrx_word' id='word_1_16' title='bbox 1595 589 1706 652; x_wconf 90' lang='lat' dir='ltr'>dicunt</span> <span class='ocrx_word' id='word_1_17' title='bbox 1726 607 1761 652; x_wconf 88' lang='lat' dir='ltr'>se</span> <span class='ocrx_word' id='word_1_18' title='bbox 1781 588 1853 651; x_wconf 85' lang='lat' dir='ltr'>data</span> <span class='ocrx_word' id='word_1_19' title='bbox 1865 587 1926 651; x_wconf 92' lang='lat' dir='ltr'>sibi</span> 
     </span>
     <span class='ocr_line' id='line_1_3' title="bbox 315 690 1925 774; baseline -0.002 -19"><span class='ocrx_word' id='word_1_20' title='bbox 315 692 505 774; x_wconf 88' lang='lat' dir='ltr'>poenitentia</span> <span class='ocrx_word' id='word_1_21' title='bbox 531 692 578 754; x_wconf 89' lang='lat' dir='ltr'>ire</span> <span class='ocrx_word' id='word_1_22' title='bbox 598 698 764 770; x_wconf 73' lang='lat' dir='ltr'>vagantes:</span> <span class='ocrx_word' id='word_1_23' title='bbox 793 692 908 755; x_wconf 88' lang='lat' dir='ltr'>melius</span> <span class='ocrx_word' id='word_1_24' title='bbox 936 693 1076 761; x_wconf 79' lang='lat' dir='ltr'>videtur,</span> <span class='ocrx_word' id='word_1_25' title='bbox 1105 699 1140 755; x_wconf 91' lang='lat' dir='ltr'>ut</span> <span class='ocrx_word' id='word_1_26' title='bbox 1161 692 1189 754; x_wconf 90' lang='lat' dir='ltr'>si</span> <span class='ocrx_word' id='word_1_27' title='bbox 1209 690 1328 773; x_wconf 90' lang='lat' dir='ltr'>aliquid</span> <span class='ocrx_word' id='word_1_28' title='bbox 1349 691 1572 753; x_wconf 90' lang='lat' dir='ltr'>inconsuetum</span> <span class='ocrx_word' id='word_1_29' title='bbox 1600 698 1631 754; x_wconf 89' lang='lat' dir='ltr'>ct</span> <span class='ocrx_word' id='word_1_30' title='bbox 1651 690 1782 774; x_wconf 86' lang='lat' dir='ltr'>capitale</span> <span class='ocrx_word' id='word_1_31' title='bbox 1803 691 1925 753; x_wconf 79' lang='lat' dir='ltr'>crimen</span> 
     </span>
     <span class='ocr_line' id='line_1_4' title="bbox 314 793 1925 877; baseline -0.001 -22"><span class='ocrx_word' id='word_1_32' title='bbox 314 795 533 874; x_wconf 86' lang='lat' dir='ltr'>conmiserint,</span> <span class='ocrx_word' id='word_1_33' title='bbox 554 795 645 858; x_wconf 90' lang='lat' dir='ltr'>utin</span> <span class='ocrx_word' id='word_1_34' title='bbox 667 814 732 858; x_wconf 91' lang='lat' dir='ltr'>uno</span> <span class='ocrx_word' id='word_1_35' title='bbox 755 793 823 857; x_wconf 91' lang='lat' dir='ltr'>loco</span> <span class='ocrx_word' id='word_1_36' title='bbox 844 802 1049 877; x_wconf 78' lang='lat' dir='ltr'>permaneant</span> <span class='ocrx_word' id='word_1_37' title='bbox 1068 793 1248 857; x_wconf 82' lang='lat' dir='ltr'>laborantes</span> <span class='ocrx_word' id='word_1_38' title='bbox 1269 800 1300 856; x_wconf 93' lang='lat' dir='ltr'>et</span> <span class='ocrx_word' id='word_1_39' title='bbox 1322 793 1494 855; x_wconf 78' lang='lat' dir='ltr'>servientes</span> <span class='ocrx_word' id='word_1_40' title='bbox 1517 799 1548 855; x_wconf 90' lang='lat' dir='ltr'>et</span> <span class='ocrx_word' id='word_1_41' title='bbox 1560 793 1785 876; x_wconf 83' lang='lat' dir='ltr'>paenitentIam</span> <span class='ocrx_word' id='word_1_42' title='bbox 1796 801 1925 876; x_wconf 84' lang='lat' dir='ltr'>agentes</span> 
     </span>
     <span class='ocr_line' id='line_1_5' title="bbox 315 895 1117 980; baseline 0.002 -22"><span class='ocrx_word' id='word_1_43' title='bbox 315 896 491 959; x_wconf 86' lang='lat' dir='ltr'>secandum</span> <span class='ocrx_word' id='word_1_44' title='bbox 512 895 598 979; x_wconf 89' lang='lat' dir='ltr'>quod</span> <span class='ocrx_word' id='word_1_45' title='bbox 620 895 681 960; x_wconf 89' lang='lat' dir='ltr'>sibi</span> <span class='ocrx_word' id='word_1_46' title='bbox 702 897 853 960; x_wconf 89' lang='lat' dir='ltr'>canonice</span> <span class='ocrx_word' id='word_1_47' title='bbox 873 897 1047 980; x_wconf 89' lang='lat' dir='ltr'>inpositum</span> <span class='ocrx_word' id='word_1_48' title='bbox 1069 898 1117 961; x_wconf 86' lang='lat' dir='ltr'>sit</span> 
     </span>
    </p>

    <p class='ocr_par' dir='ltr' id='par_1_3' title="bbox 283 996 1927 1388">
     <span class='ocr_line' id='line_1_6' title="bbox 283 996 1927 1081; baseline -0.002 -18"><span class='ocrx_word' id='word_1_49' title='bbox 283 1014 296 1054; x_wconf 81' lang='lat'>⁵</span> <span class='ocrx_word' id='word_1_50' title='bbox 414 1001 463 1063; x_wconf 75' lang='lat' dir='ltr'>si).</span> <span class='ocrx_word' id='word_1_51' title='bbox 506 997 620 1061; x_wconf 91' lang='lat' dir='ltr'>Omni</span> <span class='ocrx_word' id='word_1_52' title='bbox 642 997 776 1062; x_wconf 66' lang='lat' dir='ltr'>clerae.</span> <span class='ocrx_word' id='word_1_53' title='bbox 818 997 862 1062; x_wconf 90' lang='lat' dir='ltr'>Ut</span> <span class='ocrx_word' id='word_1_54' title='bbox 888 1006 1017 1061; x_wconf 89' lang='lat' dir='ltr'>cantum</span> <span class='ocrx_word' id='word_1_55' title='bbox 1042 997 1223 1063; x_wconf 84' lang='lat' dir='ltr'>Romanum</span> <span class='ocrx_word' id='word_1_56' title='bbox 1250 997 1385 1080; x_wconf 88' lang='lat' dir='ltr'>pleniter</span> <span class='ocrx_word' id='word_1_57' title='bbox 1410 997 1544 1069; x_wconf 89' lang='lat' dir='ltr'>discant,</span> <span class='ocrx_word' id='word_1_58' title='bbox 1574 1004 1605 1060; x_wconf 91' lang='lat' dir='ltr'>et</span> <span class='ocrx_word' id='word_1_59' title='bbox 1630 996 1845 1060; x_wconf 83' lang='lat' dir='ltr'>ordinabiliter</span> <span class='ocrx_word' id='word_1_60' title='bbox 1870 1016 1927 1081; x_wconf 90' lang='lat' dir='ltr'>per</span> 
     </span>
     <span class='ocr_line' id='line_1_7' title="bbox 314 1099 1927 1184; baseline -0.001 -21"><span class='ocrx_word' id='word_1_61' title='bbox 314 1100 501 1164; x_wconf 85' lang='lat' dir='ltr'>nocturnale</span> <span class='ocrx_word' id='word_1_62' title='bbox 526 1100 577 1164; x_wconf 91' lang='lat' dir='ltr'>vel</span> <span class='ocrx_word' id='word_1_63' title='bbox 602 1099 728 1184; x_wconf 77' lang='lat' dir='ltr'>gradme</span> <span class='ocrx_word' id='word_1_64' title='bbox 757 1099 899 1163; x_wconf 89' lang='lat' dir='ltr'>officium</span> <span class='ocrx_word' id='word_1_65' title='bbox 928 1109 1109 1184; x_wconf 88' lang='lat' dir='ltr'>peragatur,</span> <span class='ocrx_word' id='word_1_66' title='bbox 1141 1099 1318 1163; x_wconf 90' lang='lat' dir='ltr'>secundum</span> <span class='ocrx_word' id='word_1_67' title='bbox 1348 1099 1433 1183; x_wconf 90' lang='lat' dir='ltr'>quod</span> <span class='ocrx_word' id='word_1_68' title='bbox 1469 1099 1577 1162; x_wconf 76' lang='lat' dir='ltr'>beaute</span> <span class='ocrx_word' id='word_1_69' title='bbox 1604 1101 1775 1162; x_wconf 91' lang='lat' dir='ltr'>memoriae</span> <span class='ocrx_word' id='word_1_70' title='bbox 1801 1101 1927 1182; x_wconf 85' lang='lat' dir='ltr'>genitor</span> 
     </span>
     <span class='ocr_line' id='line_1_8' title="bbox 315 1200 1925 1286; baseline -0.001 -22"><span class='ocrx_word' id='word_1_71' title='bbox 315 1209 421 1265; x_wconf 87' lang='lat' dir='ltr'>noster</span> <span class='ocrx_word' id='word_1_72' title='bbox 445 1200 603 1286; x_wconf 90' lang='lat' dir='ltr'>Pippinus</span> <span class='ocrx_word' id='word_1_73' title='bbox 631 1221 689 1265; x_wconf 81' lang='lat' dir='ltr'>rex</span> <span class='ocrx_word' id='word_1_74' title='bbox 720 1202 891 1265; x_wconf 84' lang='lat' dir='ltr'>decertavit</span> <span class='ocrx_word' id='word_1_75' title='bbox 922 1210 958 1265; x_wconf 93' lang='lat' dir='ltr'>ut</span> <span class='ocrx_word' id='word_1_76' title='bbox 988 1201 1092 1282; x_wconf 88' lang='lat' dir='ltr'>fieret,</span> <span class='ocrx_word' id='word_1_77' title='bbox 1123 1202 1251 1285; x_wconf 89' lang='lat' dir='ltr'>quando</span> <span class='ocrx_word' id='word_1_78' title='bbox 1279 1201 1478 1265; x_wconf 86' lang='lat' dir='ltr'>Gallicanum</span> <span class='ocrx_word' id='word_1_79' title='bbox 1510 1201 1583 1264; x_wconf 87' lang='lat' dir='ltr'>tulit</span> <span class='ocrx_word' id='word_1_80' title='bbox 1612 1200 1652 1263; x_wconf 93' lang='lat' dir='ltr'>ob</span> <span class='ocrx_word' id='word_1_81' title='bbox 1684 1202 1925 1265; x_wconf 84' lang='lat' dir='ltr'>unanimitatem</span> 
     </span>
     <span class='ocr_line' id='line_1_9' title="bbox 314 1303 1509 1388; baseline -0.001 -21"><span class='ocrx_word' id='word_1_82' title='bbox 314 1304 502 1388; x_wconf 89' lang='lat' dir='ltr'>apostolicae</span> <span class='ocrx_word' id='word_1_83' title='bbox 524 1303 607 1368; x_wconf 84' lang='lat' dir='ltr'>seclis</span> <span class='ocrx_word' id='word_1_84' title='bbox 629 1309 661 1368; x_wconf 89' lang='lat' dir='ltr'>et</span> <span class='ocrx_word' id='word_1_85' title='bbox 681 1312 807 1368; x_wconf 86' lang='lat' dir='ltr'>sanctae</span> <span class='ocrx_word' id='word_1_86' title='bbox 826 1303 886 1368; x_wconf 92' lang='lat' dir='ltr'>Dei</span> <span class='ocrx_word' id='word_1_87' title='bbox 909 1305 1058 1368; x_wconf 89' lang='lat' dir='ltr'>aeclesiae</span> <span class='ocrx_word' id='word_1_88' title='bbox 1080 1304 1241 1387; x_wconf 89' lang='lat' dir='ltr'>pacificam</span> <span class='ocrx_word' id='word_1_89' title='bbox 1263 1303 1509 1367; x_wconf 65' lang='lat' dir='ltr'>concordiamffi.</span> 
     </span>
    </p>

    <p class='ocr_par' dir='ltr' id='par_1_4' title="bbox 414 1403 1925 1489">
     <span class='ocr_line' id='line_1_10' title="bbox 414 1403 1925 1489; baseline -0.001 -17"><span class='ocrx_word' id='word_1_90' title='bbox 414 1409 462 1472; x_wconf 80' lang='lat' dir='ltr'>st.</span> <span class='ocrx_word' id='word_1_91' title='bbox 504 1405 719 1469; x_wconf 65' lang='lat' dir='ltr'>Omnibust</span> <span class='ocrx_word' id='word_1_92' title='bbox 762 1406 938 1470; x_wconf 85' lang='lat' dir='ltr'>Statuimus</span> <span class='ocrx_word' id='word_1_93' title='bbox 960 1425 1088 1489; x_wconf 88' lang='lat' dir='ltr'>quoque</span> <span class='ocrx_word' id='word_1_94' title='bbox 1113 1405 1289 1469; x_wconf 89' lang='lat' dir='ltr'>secundum</span> <span class='ocrx_word' id='word_1_95' title='bbox 1312 1405 1396 1488; x_wconf 91' lang='lat' dir='ltr'>quod</span> <span class='ocrx_word' id='word_1_96' title='bbox 1418 1411 1449 1469; x_wconf 88' lang='lat' dir='ltr'>et</span> <span class='ocrx_word' id='word_1_97' title='bbox 1470 1407 1502 1468; x_wconf 90' lang='lat' dir='ltr'>in</span> <span class='ocrx_word' id='word_1_98' title='bbox 1524 1406 1627 1489; x_wconf 76' lang='lat' dir='ltr'>lege¹⁹</span> <span class='ocrx_word' id='word_1_99' title='bbox 1658 1403 1816 1470; x_wconf 86' lang='lat' dir='ltr'>Dominus</span> <span class='ocrx_word' id='word_1_100' title='bbox 1836 1426 1925 1489; x_wconf 86' lang='lat' dir='ltr'>prae-</span> 
     </span>
    </p>

    <p class='ocr_par' dir='ltr' id='par_1_5' title="bbox 269 1506 1926 2000">
     <span class='ocr_line' id='line_1_11' title="bbox 269 1506 1925 1593; baseline -0.001 -21"><span class='ocrx_word' id='word_1_101' title='bbox 269 1526 296 1563; x_wconf 74' lang='grc' dir='ltr'>ιο</span> <span class='ocrx_word' id='word_1_102' title='bbox 314 1510 403 1593; x_wconf 86' lang='lat' dir='ltr'>cipit,</span> <span class='ocrx_word' id='word_1_103' title='bbox 428 1514 464 1572; x_wconf 89' lang='lat' dir='ltr'>ut</span> <span class='ocrx_word' id='word_1_104' title='bbox 485 1527 579 1591; x_wconf 87' lang='lat' dir='ltr'>opere</span> <span class='ocrx_word' id='word_1_105' title='bbox 600 1509 726 1571; x_wconf 83' lang='lat' dir='ltr'>serriIIa</span> <span class='ocrx_word' id='word_1_106' title='bbox 746 1507 858 1572; x_wconf 89' lang='lat' dir='ltr'>diebus</span> <span class='ocrx_word' id='word_1_107' title='bbox 879 1508 1046 1572; x_wconf 87' lang='lat' dir='ltr'>dominicis</span> <span class='ocrx_word' id='word_1_108' title='bbox 1071 1527 1137 1570; x_wconf 91' lang='lat' dir='ltr'>non</span> <span class='ocrx_word' id='word_1_109' title='bbox 1160 1515 1308 1591; x_wconf 84' lang='lat' dir='ltr'>agantur,</span> <span class='ocrx_word' id='word_1_110' title='bbox 1335 1509 1417 1571; x_wconf 90' lang='lat' dir='ltr'>sicut</span> <span class='ocrx_word' id='word_1_111' title='bbox 1438 1513 1469 1570; x_wconf 92' lang='lat' dir='ltr'>et</span> <span class='ocrx_word' id='word_1_112' title='bbox 1489 1506 1590 1571; x_wconf 89' lang='lat' dir='ltr'>bonae</span> <span class='ocrx_word' id='word_1_113' title='bbox 1611 1509 1782 1571; x_wconf 86' lang='lat' dir='ltr'>memoriae</span> <span class='ocrx_word' id='word_1_114' title='bbox 1801 1509 1925 1590; x_wconf 82' lang='lat' dir='ltr'>genitor</span> 
     </span>
     <span class='ocr_line' id='line_1_12' title="bbox 315 1609 1926 1697; baseline 0 -24"><span class='ocrx_word' id='word_1_115' title='bbox 315 1629 406 1697; x_wconf 87' lang='lat' dir='ltr'>meus</span> <span class='ocrx_word' id='word_1_116' title='bbox 427 1611 460 1673; x_wconf 92' lang='lat' dir='ltr'>in</span> <span class='ocrx_word' id='word_1_117' title='bbox 482 1610 550 1673; x_wconf 88' lang='lat' dir='ltr'>suis</span> <span class='ocrx_word' id='word_1_118' title='bbox 572 1610 778 1691; x_wconf 84' lang='lat' dir='ltr'>synodalibus</span> <span class='ocrx_word' id='word_1_119' title='bbox 800 1612 908 1675; x_wconf 90' lang='lat' dir='ltr'>edictis</span> <span class='ocrx_word' id='word_1_120' title='bbox 936 1611 1144 1683; x_wconf 75' lang='lat' dir='ltr'>mandavit20,</span> <span class='ocrx_word' id='word_1_121' title='bbox 1172 1611 1205 1674; x_wconf 92' lang='lat' dir='ltr'>id</span> <span class='ocrx_word' id='word_1_122' title='bbox 1226 1616 1274 1674; x_wconf 92' lang='lat' dir='ltr'>est</span> <span class='ocrx_word' id='word_1_123' title='bbox 1295 1610 1380 1693; x_wconf 79' lang='lat' dir='ltr'>qaaod</span> <span class='ocrx_word' id='word_1_124' title='bbox 1405 1630 1464 1674; x_wconf 89' lang='lat' dir='ltr'>nec</span> <span class='ocrx_word' id='word_1_125' title='bbox 1490 1612 1550 1673; x_wconf 90' lang='lat' dir='ltr'>viri</span> <span class='ocrx_word' id='word_1_126' title='bbox 1577 1609 1694 1673; x_wconf 86' lang='lat' dir='ltr'>ruralia</span> <span class='ocrx_word' id='word_1_127' title='bbox 1722 1629 1816 1693; x_wconf 86' lang='lat' dir='ltr'>opera</span> <span class='ocrx_word' id='word_1_128' title='bbox 1836 1630 1926 1675; x_wconf 78' lang='lat' dir='ltr'>exer-</span> 
     </span>
     <span class='ocr_line' id='line_1_13' title="bbox 315 1712 1925 1797; baseline -0.001 -20"><span class='ocrx_word' id='word_1_129' title='bbox 315 1721 407 1777; x_wconf 86' lang='lat' dir='ltr'>ceant</span> <span class='ocrx_word' id='word_1_130' title='bbox 430 1731 490 1776; x_wconf 91' lang='lat' dir='ltr'>nec</span> <span class='ocrx_word' id='word_1_131' title='bbox 513 1713 547 1775; x_wconf 93' lang='lat' dir='ltr'>in</span> <span class='ocrx_word' id='word_1_132' title='bbox 574 1713 669 1776; x_wconf 90' lang='lat' dir='ltr'>vinea</span> <span class='ocrx_word' id='word_1_133' title='bbox 693 1713 824 1777; x_wconf 90' lang='lat' dir='ltr'>colenda</span> <span class='ocrx_word' id='word_1_134' title='bbox 851 1733 910 1777; x_wconf 92' lang='lat' dir='ltr'>nec</span> <span class='ocrx_word' id='word_1_135' title='bbox 936 1715 969 1777; x_wconf 95' lang='lat' dir='ltr'>in</span> <span class='ocrx_word' id='word_1_136' title='bbox 997 1715 1117 1797; x_wconf 90' lang='lat' dir='ltr'>campis</span> <span class='ocrx_word' id='word_1_137' title='bbox 1145 1712 1278 1792; x_wconf 86' lang='lat' dir='ltr'>arande,</span> <span class='ocrx_word' id='word_1_138' title='bbox 1307 1713 1452 1776; x_wconf 88' lang='lat' dir='ltr'>metendo</span> <span class='ocrx_word' id='word_1_139' title='bbox 1481 1712 1531 1776; x_wconf 81' lang='lat' dir='ltr'>vel</span> <span class='ocrx_word' id='word_1_140' title='bbox 1557 1712 1685 1775; x_wconf 86' lang='lat' dir='ltr'>foenum</span> <span class='ocrx_word' id='word_1_141' title='bbox 1713 1713 1848 1777; x_wconf 88' lang='lat' dir='ltr'>secando</span> <span class='ocrx_word' id='word_1_142' title='bbox 1874 1713 1925 1778; x_wconf 89' lang='lat' dir='ltr'>vel</span> 
     </span>
     <span class='ocr_line' id='line_1_14' title="bbox 315 1813 1925 1899; baseline 0.001 -21"><span class='ocrx_word' id='word_1_143' title='bbox 315 1833 421 1898; x_wconf 82' lang='lat' dir='ltr'>sepem</span> <span class='ocrx_word' id='word_1_144' title='bbox 449 1813 595 1898; x_wconf 90' lang='lat' dir='ltr'>ponendo</span> <span class='ocrx_word' id='word_1_145' title='bbox 622 1832 680 1877; x_wconf 89' lang='lat' dir='ltr'>nec</span> <span class='ocrx_word' id='word_1_146' title='bbox 707 1815 742 1877; x_wconf 92' lang='lat' dir='ltr'>in</span> <span class='ocrx_word' id='word_1_147' title='bbox 767 1815 856 1877; x_wconf 91' lang='lat' dir='ltr'>silvis</span> <span class='ocrx_word' id='word_1_148' title='bbox 886 1816 1017 1899; x_wconf 89' lang='lat' dir='ltr'>stirpare</span> <span class='ocrx_word' id='word_1_149' title='bbox 1046 1816 1095 1878; x_wconf 90' lang='lat' dir='ltr'>vel</span> <span class='ocrx_word' id='word_1_150' title='bbox 1123 1814 1250 1877; x_wconf 89' lang='lat' dir='ltr'>arbores</span> <span class='ocrx_word' id='word_1_151' title='bbox 1279 1815 1406 1878; x_wconf 87' lang='lat' dir='ltr'>caedere</span> <span class='ocrx_word' id='word_1_152' title='bbox 1431 1814 1482 1878; x_wconf 90' lang='lat' dir='ltr'>vel</span> <span class='ocrx_word' id='word_1_153' title='bbox 1512 1817 1544 1878; x_wconf 91' lang='lat' dir='ltr'>in</span> <span class='ocrx_word' id='word_1_154' title='bbox 1571 1815 1668 1898; x_wconf 86' lang='lat' dir='ltr'>petris</span> <span class='ocrx_word' id='word_1_155' title='bbox 1695 1814 1837 1879; x_wconf 89' lang='lat' dir='ltr'>laborare</span> <span class='ocrx_word' id='word_1_156' title='bbox 1867 1835 1925 1879; x_wconf 90' lang='lat' dir='ltr'>nec</span> 
     </span>
     <span class='ocr_line' id='line_1_15' title="bbox 315 1915 1925 2000; baseline 0 -20"><span class='ocrx_word' id='word_1_157' title='bbox 315 1917 425 1980; x_wconf 89' lang='lat' dir='ltr'>domos</span> <span class='ocrx_word' id='word_1_158' title='bbox 444 1922 628 1979; x_wconf 86' lang='lat' dir='ltr'>construere</span> <span class='ocrx_word' id='word_1_159' title='bbox 651 1917 763 1979; x_wconf 90' lang='lat' dir='ltr'>necin</span> <span class='ocrx_word' id='word_1_160' title='bbox 784 1922 851 1978; x_wconf 91' lang='lat' dir='ltr'>orto</span> <span class='ocrx_word' id='word_1_161' title='bbox 873 1915 1028 1990; x_wconf 76' lang='lat' dir='ltr'>laborare3</span> <span class='ocrx_word' id='word_1_162' title='bbox 1059 1936 1119 1980; x_wconf 92' lang='lat' dir='ltr'>nec</span> <span class='ocrx_word' id='word_1_163' title='bbox 1144 1916 1183 1979; x_wconf 90' lang='lat' dir='ltr'>ad</span> <span class='ocrx_word' id='word_1_164' title='bbox 1204 1916 1318 2000; x_wconf 87' lang='lat' dir='ltr'>placita</span> <span class='ocrx_word' id='word_1_165' title='bbox 1340 1918 1531 1980; x_wconf 90' lang='lat' dir='ltr'>conveniant</span> <span class='ocrx_word' id='word_1_166' title='bbox 1552 1937 1610 1981; x_wconf 91' lang='lat' dir='ltr'>nec</span> <span class='ocrx_word' id='word_1_167' title='bbox 1631 1919 1814 1981; x_wconf 74' lang='lat' dir='ltr'>versationes</span> <span class='ocrx_word' id='word_1_168' title='bbox 1835 1936 1925 1981; x_wconf 85' lang='lat' dir='ltr'>exer·</span> 
     </span>
    </p>

    <p class='ocr_par' dir='ltr' id='par_1_6' title="bbox 270 2017 1956 2510">
     <span class='ocr_line' id='line_1_16' title="bbox 270 2017 1927 2101; baseline 0.003 -24"><span class='ocrx_word' id='word_1_169' title='bbox 270 2039 296 2077; x_wconf 71' lang='lat'>1⁵</span> <span class='ocrx_word' id='word_1_170' title='bbox 314 2028 413 2082; x_wconf 81' lang='lat' dir='ltr'>ceant</span> <span class='ocrx_word' id='word_1_171' title='bbox 455 2017 496 2081; x_wconf 85' lang='lat' dir='ltr'>Et</span> <span class='ocrx_word' id='word_1_172' title='bbox 511 2021 570 2082; x_wconf 88' lang='lat' dir='ltr'>tria</span> <span class='ocrx_word' id='word_1_173' title='bbox 591 2019 727 2083; x_wconf 88' lang='lat' dir='ltr'>carraria</span> <span class='ocrx_word' id='word_1_174' title='bbox 748 2037 843 2101; x_wconf 83' lang='lat' dir='ltr'>opere</span> <span class='ocrx_word' id='word_1_175' title='bbox 864 2018 936 2081; x_wconf 90' lang='lat' dir='ltr'>licet</span> <span class='ocrx_word' id='word_1_176' title='bbox 951 2017 1021 2081; x_wconf 88' lang='lat' dir='ltr'>fieri</span> <span class='ocrx_word' id='word_1_177' title='bbox 1037 2020 1071 2081; x_wconf 94' lang='lat' dir='ltr'>in</span> <span class='ocrx_word' id='word_1_178' title='bbox 1089 2018 1140 2081; x_wconf 91' lang='lat' dir='ltr'>die</span> <span class='ocrx_word' id='word_1_179' title='bbox 1161 2019 1336 2099; x_wconf 88' lang='lat' dir='ltr'>dominico,</span> <span class='ocrx_word' id='word_1_180' title='bbox 1357 2019 1388 2081; x_wconf 92' lang='lat' dir='ltr'>id</span> <span class='ocrx_word' id='word_1_181' title='bbox 1409 2025 1457 2081; x_wconf 92' lang='lat' dir='ltr'>est</span> <span class='ocrx_word' id='word_1_182' title='bbox 1476 2019 1578 2082; x_wconf 88' lang='lat' dir='ltr'>ostilia</span> <span class='ocrx_word' id='word_1_183' title='bbox 1601 2039 1689 2081; x_wconf 81' lang='lat' dir='ltr'>carra</span> <span class='ocrx_word' id='word_1_184' title='bbox 1709 2019 1759 2083; x_wconf 84' lang='lat' dir='ltr'>vel</span> <span class='ocrx_word' id='word_1_185' title='bbox 1778 2020 1927 2083; x_wconf 74' lang='lat' dir='ltr'>victualia</span> 
     </span>
     <span class='ocr_line' id='line_1_17' title="bbox 315 2120 1927 2206; baseline 0.002 -24"><span class='ocrx_word' id='word_1_186' title='bbox 315 2121 364 2184; x_wconf 91' lang='lat' dir='ltr'>vel</span> <span class='ocrx_word' id='word_1_187' title='bbox 386 2123 413 2184; x_wconf 92' lang='lat' dir='ltr'>si</span> <span class='ocrx_word' id='word_1_188' title='bbox 433 2121 512 2185; x_wconf 84' lang='lat' dir='ltr'>forte</span> <span class='ocrx_word' id='word_1_189' title='bbox 533 2141 661 2185; x_wconf 89' lang='lat' dir='ltr'>necesse</span> <span class='ocrx_word' id='word_1_190' title='bbox 689 2123 748 2185; x_wconf 90' lang='lat' dir='ltr'>erit</span> <span class='ocrx_word' id='word_1_191' title='bbox 775 2141 890 2203; x_wconf 88' lang='lat' dir='ltr'>corpus</span> <span class='ocrx_word' id='word_1_192' title='bbox 916 2120 1084 2184; x_wconf 85' lang='lat' dir='ltr'>cuiuslibet</span> <span class='ocrx_word' id='word_1_193' title='bbox 1113 2121 1228 2184; x_wconf 88' lang='lat' dir='ltr'>ducere</span> <span class='ocrx_word' id='word_1_194' title='bbox 1252 2121 1292 2184; x_wconf 90' lang='lat' dir='ltr'>ad</span> <span class='ocrx_word' id='word_1_195' title='bbox 1320 2121 1510 2204; x_wconf 88' lang='lat' dir='ltr'>sepulcrum.</span> <span class='ocrx_word' id='word_1_196' title='bbox 1564 2120 1642 2184; x_wconf 84' lang='lat' dir='ltr'>Item</span> <span class='ocrx_word' id='word_1_197' title='bbox 1669 2121 1806 2185; x_wconf 74' lang='lat' dir='ltr'>sentinae</span> <span class='ocrx_word' id='word_1_198' title='bbox 1833 2141 1927 2206; x_wconf 87' lang='lat' dir='ltr'>opera</span> 
     </span>
     <span class='ocr_line' id='line_1_18' title="bbox 315 2222 1924 2306; baseline 0 -20"><span class='ocrx_word' id='word_1_199' title='bbox 315 2223 437 2286; x_wconf 80' lang='lat' dir='ltr'>textiba</span> <span class='ocrx_word' id='word_1_200' title='bbox 455 2243 521 2287; x_wconf 91' lang='lat' dir='ltr'>non</span> <span class='ocrx_word' id='word_1_201' title='bbox 540 2223 656 2287; x_wconf 87' lang='lat' dir='ltr'>faciant</span> <span class='ocrx_word' id='word_1_202' title='bbox 678 2243 736 2287; x_wconf 89' lang='lat' dir='ltr'>nec</span> <span class='ocrx_word' id='word_1_203' title='bbox 757 2223 905 2306; x_wconf 90' lang='lat' dir='ltr'>capulent</span> <span class='ocrx_word' id='word_1_204' title='bbox 927 2224 1056 2286; x_wconf 89' lang='lat' dir='ltr'>vestitos</span> <span class='ocrx_word' id='word_1_205' title='bbox 1077 2243 1135 2286; x_wconf 91' lang='lat' dir='ltr'>nec</span> <span class='ocrx_word' id='word_1_206' title='bbox 1155 2231 1310 2286; x_wconf 89' lang='lat' dir='ltr'>consuent</span> <span class='ocrx_word' id='word_1_207' title='bbox 1332 2223 1380 2287; x_wconf 92' lang='lat' dir='ltr'>vel</span> <span class='ocrx_word' id='word_1_208' title='bbox 1403 2222 1567 2306; x_wconf 89' lang='lat' dir='ltr'>acupictile</span> <span class='ocrx_word' id='word_1_209' title='bbox 1588 2223 1717 2299; x_wconf 88' lang='lat' dir='ltr'>faciant;</span> <span class='ocrx_word' id='word_1_210' title='bbox 1739 2243 1797 2286; x_wconf 91' lang='lat' dir='ltr'>nec</span> <span class='ocrx_word' id='word_1_211' title='bbox 1819 2223 1924 2286; x_wconf 90' lang='lat' dir='ltr'>lanam</span> 
     </span>
     <span class='ocr_line' id='line_1_19' title="bbox 314 2325 1956 2409; baseline 0.001 -22"><span class='ocrx_word' id='word_1_212' title='bbox 314 2345 441 2409; x_wconf 86' lang='lat' dir='ltr'>carpere</span> <span class='ocrx_word' id='word_1_213' title='bbox 461 2344 521 2389; x_wconf 90' lang='lat' dir='ltr'>nec</span> <span class='ocrx_word' id='word_1_214' title='bbox 541 2326 643 2389; x_wconf 80' lang='lat' dir='ltr'>lInum</span> <span class='ocrx_word' id='word_1_215' title='bbox 666 2325 783 2389; x_wconf 88' lang='lat' dir='ltr'>battere</span> <span class='ocrx_word' id='word_1_216' title='bbox 805 2345 864 2388; x_wconf 90' lang='lat' dir='ltr'>nec</span> <span class='ocrx_word' id='word_1_217' title='bbox 886 2327 919 2388; x_wconf 90' lang='lat' dir='ltr'>in</span> <span class='ocrx_word' id='word_1_218' title='bbox 939 2325 1066 2409; x_wconf 88' lang='lat' dir='ltr'>publico</span> <span class='ocrx_word' id='word_1_219' title='bbox 1089 2326 1277 2388; x_wconf 88' lang='lat' dir='ltr'>vestimenta</span> <span class='ocrx_word' id='word_1_220' title='bbox 1291 2325 1395 2388; x_wconf 85' lang='lat' dir='ltr'>lavare</span> <span class='ocrx_word' id='word_1_221' title='bbox 1412 2345 1468 2389; x_wconf 90' lang='lat' dir='ltr'>nec</span> <span class='ocrx_word' id='word_1_222' title='bbox 1484 2325 1625 2389; x_wconf 82' lang='lat' dir='ltr'>berbices</span> <span class='ocrx_word' id='word_1_223' title='bbox 1646 2326 1779 2389; x_wconf 90' lang='lat' dir='ltr'>tundere</span> <span class='ocrx_word' id='word_1_224' title='bbox 1792 2325 1927 2388; x_wconf 88' lang='lat' dir='ltr'>babeant</span> <span class='ocrx_word' id='word_1_225' title='bbox 1954 2353 1956 2357; x_wconf 95' lang='lat'>·</span> 
     </span>
     <span class='ocr_line' id='line_1_20' title="bbox 316 2427 1927 2510; baseline 0 -21"><span class='ocrx_word' id='word_1_226' title='bbox 316 2427 452 2506; x_wconf 82' lang='lat' dir='ltr'>licimm,</span> <span class='ocrx_word' id='word_1_227' title='bbox 472 2433 510 2491; x_wconf 88' lang='lat' dir='ltr'>at</span> <span class='ocrx_word' id='word_1_228' title='bbox 530 2428 720 2491; x_wconf 90' lang='lat' dir='ltr'>omnimodis</span> <span class='ocrx_word' id='word_1_229' title='bbox 741 2429 894 2491; x_wconf 90' lang='lat' dir='ltr'>honoret</span> <span class='ocrx_word' id='word_1_230' title='bbox 915 2429 1041 2510; x_wconf 85' lang='lat' dir='ltr'>requies</span> <span class='ocrx_word' id='word_1_231' title='bbox 1063 2427 1124 2490; x_wconf 88' lang='lat' dir='ltr'>diei</span> <span class='ocrx_word' id='word_1_232' title='bbox 1145 2427 1321 2490; x_wconf 88' lang='lat' dir='ltr'>dominicae</span> <span class='ocrx_word' id='word_1_233' title='bbox 1333 2434 1484 2491; x_wconf 87' lang='lat' dir='ltr'>servetur.</span> <span class='ocrx_word' id='word_1_234' title='bbox 1530 2428 1589 2491; x_wconf 83' lang='lat' dir='ltr'>Sed</span> <span class='ocrx_word' id='word_1_235' title='bbox 1615 2428 1652 2490; x_wconf 90' lang='lat' dir='ltr'>ad</span> <span class='ocrx_word' id='word_1_236' title='bbox 1676 2429 1844 2490; x_wconf 90' lang='lat' dir='ltr'>missarum</span> <span class='ocrx_word' id='word_1_237' title='bbox 1866 2427 1927 2489; x_wconf 91' lang='lat' dir='ltr'>sol·</span> 
     </span>
    </p>

    <p class='ocr_par' dir='ltr' id='par_1_7' title="bbox 244 2527 1926 2695">
     <span class='ocr_line' id='line_1_21' title="bbox 244 2527 1926 2614; baseline 0.002 -27"><span class='ocrx_word' id='word_1_238' title='bbox 244 2530 453 2614; x_wconf 65' lang='lat' dir='ltr'>„solempnia</span> <span class='ocrx_word' id='word_1_239' title='bbox 478 2530 516 2593; x_wconf 89' lang='lat' dir='ltr'>ad</span> <span class='ocrx_word' id='word_1_240' title='bbox 542 2529 706 2593; x_wconf 88' lang='lat' dir='ltr'>aeclesiam</span> <span class='ocrx_word' id='word_1_241' title='bbox 733 2530 877 2613; x_wconf 91' lang='lat' dir='ltr'>undique</span> <span class='ocrx_word' id='word_1_242' title='bbox 903 2531 1094 2592; x_wconf 88' lang='lat' dir='ltr'>conveniant</span> <span class='ocrx_word' id='word_1_243' title='bbox 1125 2536 1156 2593; x_wconf 92' lang='lat' dir='ltr'>et</span> <span class='ocrx_word' id='word_1_244' title='bbox 1190 2529 1319 2592; x_wconf 88' lang='lat' dir='ltr'>laudent</span> <span class='ocrx_word' id='word_1_245' title='bbox 1345 2527 1451 2592; x_wconf 89' lang='lat' dir='ltr'>Deum</span> <span class='ocrx_word' id='word_1_246' title='bbox 1481 2532 1514 2592; x_wconf 90' lang='lat' dir='ltr'>iu</span> <span class='ocrx_word' id='word_1_247' title='bbox 1547 2529 1697 2592; x_wconf 90' lang='lat' dir='ltr'>omnibus</span> <span class='ocrx_word' id='word_1_248' title='bbox 1727 2529 1817 2592; x_wconf 90' lang='lat' dir='ltr'>bonis</span> <span class='ocrx_word' id='word_1_249' title='bbox 1844 2547 1926 2612; x_wconf 72' lang='lat' dir='ltr'>clarae</span> 
     </span>
     <span class='ocr_line' id='line_1_22' title="bbox 314 2631 710 2695; baseline 0 -1"><span class='ocrx_word' id='word_1_250' title='bbox 314 2631 407 2695; x_wconf 90' lang='lat' dir='ltr'>nobis</span> <span class='ocrx_word' id='word_1_251' title='bbox 428 2634 462 2694; x_wconf 94' lang='lat' dir='ltr'>in</span> <span class='ocrx_word' id='word_1_252' title='bbox 484 2631 537 2694; x_wconf 91' lang='lat' dir='ltr'>illa</span> <span class='ocrx_word' id='word_1_253' title='bbox 558 2631 609 2694; x_wconf 91' lang='lat' dir='ltr'>die</span> <span class='ocrx_word' id='word_1_254' title='bbox 629 2632 710 2695; x_wconf 91' lang='lat' dir='ltr'>fecit.</span> 
     </span>
    </p>

    <p class='ocr_par' dir='ltr' id='par_1_8' title="bbox 316 2733 1927 3023">
     <span class='ocr_line' id='line_1_23' title="bbox 416 2733 1925 2817; baseline -0.001 -18"><span class='ocrx_word' id='word_1_255' title='bbox 416 2735 463 2799; x_wconf 76' lang='lat'>82.</span> <span class='ocrx_word' id='word_1_256' title='bbox 506 2733 706 2797; x_wconf 87' lang='lat' dir='ltr'>Omnibus.</span> <span class='ocrx_word' id='word_1_257' title='bbox 748 2733 809 2798; x_wconf 87' lang='lat' dir='ltr'>Sed</span> <span class='ocrx_word' id='word_1_258' title='bbox 826 2743 857 2799; x_wconf 94' lang='lat' dir='ltr'>et</span> <span class='ocrx_word' id='word_1_259' title='bbox 872 2742 1013 2813; x_wconf 84' lang='lat' dir='ltr'>vestrum</span> <span class='ocrx_word' id='word_1_260' title='bbox 1026 2735 1276 2814; x_wconf 85' lang='lat' dir='ltr'>videndnnrest,</span> <span class='ocrx_word' id='word_1_261' title='bbox 1299 2735 1494 2798; x_wconf 87' lang='lat' dir='ltr'>dilectissimi</span> <span class='ocrx_word' id='word_1_262' title='bbox 1517 2741 1548 2797; x_wconf 88' lang='lat' dir='ltr'>et</span> <span class='ocrx_word' id='word_1_263' title='bbox 1569 2733 1763 2797; x_wconf 90' lang='lat' dir='ltr'>venerabiles</span> <span class='ocrx_word' id='word_1_264' title='bbox 1784 2742 1925 2817; x_wconf 89' lang='lat' dir='ltr'>pastores</span> 
     </span>
     <span class='ocr_line' id='line_1_24' title="bbox 316 2834 1926 2920; baseline 0 -20"><span class='ocrx_word' id='word_1_265' title='bbox 316 2844 347 2900; x_wconf 84' lang='lat' dir='ltr'>et</span> <span class='ocrx_word' id='word_1_266' title='bbox 371 2843 508 2900; x_wconf 88' lang='lat' dir='ltr'>rectores</span> <span class='ocrx_word' id='word_1_267' title='bbox 537 2836 740 2899; x_wconf 78' lang='lat' dir='ltr'>ecclesianam</span> <span class='ocrx_word' id='word_1_268' title='bbox 769 2834 844 2917; x_wconf 89' lang='lat' dir='ltr'>Del,</span> <span class='ocrx_word' id='word_1_269' title='bbox 878 2846 913 2901; x_wconf 89' lang='lat' dir='ltr'>ut</span> <span class='ocrx_word' id='word_1_270' title='bbox 939 2838 1138 2920; x_wconf 83' lang='lat' dir='ltr'>presbyteros</span> <span class='ocrx_word' id='word_1_271' title='bbox 1172 2857 1252 2920; x_wconf 88' lang='lat' dir='ltr'>quos</span> <span class='ocrx_word' id='word_1_272' title='bbox 1288 2838 1412 2900; x_wconf 89' lang='lat' dir='ltr'>mittitis</span> <span class='ocrx_word' id='word_1_273' title='bbox 1442 2856 1498 2920; x_wconf 90' lang='lat' dir='ltr'>pcr</span> <span class='ocrx_word' id='word_1_274' title='bbox 1531 2837 1711 2920; x_wconf 81' lang='lat' dir='ltr'>parrochias</span> <span class='ocrx_word' id='word_1_275' title='bbox 1741 2845 1861 2900; x_wconf 88' lang='lat' dir='ltr'>vestras</span> <span class='ocrx_word' id='word_1_276' title='bbox 1887 2837 1926 2900; x_wconf 90' lang='lat' dir='ltr'>ad</span> 
     </span>
     <span class='ocr_line' id='line_1_25' title="bbox 317 2921 1927 3023; baseline 0.002 -23"><span class='ocrx_word' id='word_1_277' title='bbox 317 2938 490 3021; x_wconf 78' lang='lat' dir='ltr'>regendum</span> <span class='ocrx_word' id='word_1_278' title='bbox 512 2938 600 3002; x_wconf 89' lang='lat' dir='ltr'>etad</span> <span class='ocrx_word' id='word_1_279' title='bbox 622 2939 867 3021; x_wconf 88' lang='lat' dir='ltr'>praedicandum</span> <span class='ocrx_word' id='word_1_280' title='bbox 884 2959 941 3022; x_wconf 89' lang='lat' dir='ltr'>per</span> <span class='ocrx_word' id='word_1_281' title='bbox 959 2940 1106 3002; x_wconf 84' lang='lat' dir='ltr'>ecclesias</span> <span class='ocrx_word' id='word_1_282' title='bbox 1127 2921 1280 3023; x_wconf 83' lang='lat' dir='ltr'>populum</span> <span class='ocrx_word' id='word_1_283' title='bbox 1290 2937 1358 3003; x_wconf 88' lang='lat' dir='ltr'>Deo</span> <span class='ocrx_word' id='word_1_284' title='bbox 1374 2941 1576 3018; x_wconf 86' lang='lat' dir='ltr'>servientem,</span> <span class='ocrx_word' id='word_1_285' title='bbox 1600 2948 1634 3002; x_wconf 90' lang='lat' dir='ltr'>ut</span> <span class='ocrx_word' id='word_1_286' title='bbox 1656 2947 1737 3003; x_wconf 90' lang='lat' dir='ltr'>recte</span> <span class='ocrx_word' id='word_1_287' title='bbox 1749 2947 1779 3003; x_wconf 90' lang='lat' dir='ltr'>et</span> <span class='ocrx_word' id='word_1_288' title='bbox 1797 2939 1927 3003; x_wconf 86' lang='lat' dir='ltr'>honeste</span> 
     </span>
    </p>

    <p class='ocr_par' dir='ltr' id='par_1_9' title="bbox 270 3040 1926 3328">
     <span class='ocr_line' id='line_1_26' title="bbox 270 3040 1925 3124; baseline 0.002 -24"><span class='ocrx_word' id='word_1_289' title='bbox 270 3060 298 3101; x_wconf 75' lang='lat' dir='ltr'>aa</span> <span class='ocrx_word' id='word_1_290' title='bbox 316 3041 512 3123; x_wconf 80' lang='lat' dir='ltr'>praedicent:</span> <span class='ocrx_word' id='word_1_291' title='bbox 535 3049 566 3104; x_wconf 93' lang='lat' dir='ltr'>et</span> <span class='ocrx_word' id='word_1_292' title='bbox 586 3060 649 3102; x_wconf 92' lang='lat' dir='ltr'>non</span> <span class='ocrx_word' id='word_1_293' title='bbox 672 3041 783 3103; x_wconf 85' lang='lat' dir='ltr'>sinatis</span> <span class='ocrx_word' id='word_1_294' title='bbox 803 3060 887 3103; x_wconf 89' lang='lat' dir='ltr'>nova</span> <span class='ocrx_word' id='word_1_295' title='bbox 908 3041 958 3104; x_wconf 86' lang='lat' dir='ltr'>vel</span> <span class='ocrx_word' id='word_1_296' title='bbox 981 3061 1045 3103; x_wconf 91' lang='lat' dir='ltr'>non</span> <span class='ocrx_word' id='word_1_297' title='bbox 1063 3043 1215 3104; x_wconf 87' lang='lat' dir='ltr'>canonica</span> <span class='ocrx_word' id='word_1_298' title='bbox 1227 3041 1350 3124; x_wconf 89' lang='lat' dir='ltr'>aliquos</span> <span class='ocrx_word' id='word_1_299' title='bbox 1364 3061 1405 3104; x_wconf 88' lang='lat' dir='ltr'>ex</span> <span class='ocrx_word' id='word_1_300' title='bbox 1427 3061 1484 3104; x_wconf 88' lang='lat' dir='ltr'>sao</span> <span class='ocrx_word' id='word_1_301' title='bbox 1506 3061 1603 3104; x_wconf 88' lang='lat' dir='ltr'>sensu</span> <span class='ocrx_word' id='word_1_302' title='bbox 1615 3048 1646 3104; x_wconf 92' lang='lat' dir='ltr'>et</span> <span class='ocrx_word' id='word_1_303' title='bbox 1666 3061 1730 3104; x_wconf 92' lang='lat' dir='ltr'>non</span> <span class='ocrx_word' id='word_1_304' title='bbox 1749 3040 1925 3104; x_wconf 88' lang='lat' dir='ltr'>secundum</span> 
     </span>
     <span class='ocr_line' id='line_1_27' title="bbox 317 3142 1926 3226; baseline 0 -21"><span class='ocrx_word' id='word_1_305' title='bbox 317 3144 487 3225; x_wconf 84' lang='lat' dir='ltr'>scripturas</span> <span class='ocrx_word' id='word_1_306' title='bbox 499 3163 604 3206; x_wconf 87' lang='lat' dir='ltr'>sacras</span> <span class='ocrx_word' id='word_1_307' title='bbox 616 3143 777 3226; x_wconf 84' lang='lat' dir='ltr'>lingerect</span> <span class='ocrx_word' id='word_1_308' title='bbox 788 3143 966 3225; x_wconf 87' lang='lat' dir='ltr'>praedicare</span> <span class='ocrx_word' id='word_1_309' title='bbox 979 3142 1103 3226; x_wconf 85' lang='lat' dir='ltr'>populo.</span> <span class='ocrx_word' id='word_1_310' title='bbox 1144 3143 1204 3206; x_wconf 86' lang='lat' dir='ltr'>Sed</span> <span class='ocrx_word' id='word_1_311' title='bbox 1227 3149 1257 3206; x_wconf 93' lang='lat' dir='ltr'>et</span> <span class='ocrx_word' id='word_1_312' title='bbox 1277 3143 1459 3225; x_wconf 89' lang='lat' dir='ltr'>vosmetipsi</span> <span class='ocrx_word' id='word_1_313' title='bbox 1476 3143 1578 3221; x_wconf 88' lang='lat' dir='ltr'>utilia,</span> <span class='ocrx_word' id='word_1_314' title='bbox 1601 3142 1731 3205; x_wconf 88' lang='lat' dir='ltr'>honesta</span> <span class='ocrx_word' id='word_1_315' title='bbox 1746 3150 1777 3205; x_wconf 91' lang='lat' dir='ltr'>et</span> <span class='ocrx_word' id='word_1_316' title='bbox 1791 3149 1874 3205; x_wconf 88' lang='lat' dir='ltr'>recta</span> <span class='ocrx_word' id='word_1_317' title='bbox 1895 3152 1926 3205; x_wconf 90' lang='lat' dir='ltr'>et</span> 
     </span>
     <span class='ocr_line' id='line_1_28' title="bbox 317 3244 1904 3328; baseline 0.001 -22"><span class='ocrx_word' id='word_1_318' title='bbox 317 3264 398 3327; x_wconf 88' lang='lat' dir='ltr'>quae</span> <span class='ocrx_word' id='word_1_319' title='bbox 419 3245 458 3308; x_wconf 90' lang='lat' dir='ltr'>ad</span> <span class='ocrx_word' id='word_1_320' title='bbox 476 3246 575 3308; x_wconf 86' lang='lat' dir='ltr'>vitam</span> <span class='ocrx_word' id='word_1_321' title='bbox 593 3245 715 3309; x_wconf 88' lang='lat' dir='ltr'>ducunt</span> <span class='ocrx_word' id='word_1_322' title='bbox 731 3252 891 3308; x_wconf 87' lang='lat' dir='ltr'>aeternam</span> <span class='ocrx_word' id='word_1_323' title='bbox 907 3244 1082 3328; x_wconf 89' lang='lat' dir='ltr'>praedicate</span> <span class='ocrx_word' id='word_1_324' title='bbox 1100 3245 1241 3328; x_wconf 88' lang='lat' dir='ltr'>aliosque</span> <span class='ocrx_word' id='word_1_325' title='bbox 1260 3245 1420 3313; x_wconf 83' lang='lat' dir='ltr'>instruite,</span> <span class='ocrx_word' id='word_1_326' title='bbox 1440 3251 1477 3307; x_wconf 91' lang='lat' dir='ltr'>ut</span> <span class='ocrx_word' id='word_1_327' title='bbox 1494 3246 1570 3307; x_wconf 89' lang='lat' dir='ltr'>baec</span> <span class='ocrx_word' id='word_1_328' title='bbox 1586 3244 1696 3308; x_wconf 89' lang='lat' dir='ltr'>eadem</span> <span class='ocrx_word' id='word_1_329' title='bbox 1717 3245 1904 3328; x_wconf 78' lang='lat' dir='ltr'>praedicent.</span> 
     </span>
    </p>

    <p class='ocr_par' dir='ltr' id='par_1_10' title="bbox 316 3345 1927 3532">
     <span class='ocr_line' id='line_1_29' title="bbox 421 3345 1925 3430; baseline 0.001 -21"><span class='ocrx_word' id='word_1_330' title='bbox 421 3345 529 3410; x_wconf 92' lang='lat' dir='ltr'>Primo</span> <span class='ocrx_word' id='word_1_331' title='bbox 551 3349 695 3411; x_wconf 90' lang='lat' dir='ltr'>omniurn</span> <span class='ocrx_word' id='word_1_332' title='bbox 715 3347 961 3430; x_wconf 88' lang='lat' dir='ltr'>praedicandum</span> <span class='ocrx_word' id='word_1_333' title='bbox 983 3353 1030 3410; x_wconf 92' lang='lat' dir='ltr'>cst</span> <span class='ocrx_word' id='word_1_334' title='bbox 1047 3347 1196 3410; x_wconf 91' lang='lat' dir='ltr'>omnibus</span> <span class='ocrx_word' id='word_1_335' title='bbox 1211 3346 1413 3429; x_wconf 83' lang='lat' dir='ltr'>generaliter,</span> <span class='ocrx_word' id='word_1_336' title='bbox 1435 3354 1470 3408; x_wconf 91' lang='lat' dir='ltr'>ut</span> <span class='ocrx_word' id='word_1_337' title='bbox 1490 3346 1619 3408; x_wconf 88' lang='lat' dir='ltr'>credant</span> <span class='ocrx_word' id='word_1_338' title='bbox 1630 3345 1756 3410; x_wconf 90' lang='lat' dir='ltr'>Patrem</span> <span class='ocrx_word' id='word_1_339' title='bbox 1768 3345 1925 3411; x_wconf 81' lang='lat' dir='ltr'>etlilium</span> 
     </span>
     <span class='ocr_line' id='line_1_30' title="bbox 316 3447 1927 3532; baseline 0 -21"><span class='ocrx_word' id='word_1_340' title='bbox 316 3454 347 3511; x_wconf 88' lang='lat' dir='ltr'>et</span> <span class='ocrx_word' id='word_1_341' title='bbox 367 3447 517 3531; x_wconf 85' lang='lat' dir='ltr'>Spiritum</span> <span class='ocrx_word' id='word_1_342' title='bbox 541 3457 686 3512; x_wconf 88' lang='lat' dir='ltr'>sanctum</span> <span class='ocrx_word' id='word_1_343' title='bbox 709 3469 811 3512; x_wconf 91' lang='lat' dir='ltr'>uuum</span> <span class='ocrx_word' id='word_1_344' title='bbox 833 3468 902 3513; x_wconf 90' lang='lat' dir='ltr'>esse</span> <span class='ocrx_word' id='word_1_345' title='bbox 923 3447 1027 3512; x_wconf 92' lang='lat' dir='ltr'>Deum</span> <span class='ocrx_word' id='word_1_346' title='bbox 1050 3451 1312 3532; x_wconf 80' lang='lat' dir='ltr'>omnIpotentem,</span> <span class='ocrx_word' id='word_1_347' title='bbox 1334 3452 1514 3527; x_wconf 87' lang='lat' dir='ltr'>aeternum,</span> <span class='ocrx_word' id='word_1_348' title='bbox 1536 3447 1743 3526; x_wconf 79' lang='lat' dir='ltr'>Invisibilom,</span> <span class='ocrx_word' id='word_1_349' title='bbox 1765 3451 1820 3531; x_wconf 68' lang='lat' dir='ltr'>(pai</span> <span class='ocrx_word' id='word_1_350' title='bbox 1842 3468 1927 3512; x_wconf 77' lang='lat' dir='ltr'>creat·</span> 
     </span>
    </p>

    <p class='ocr_par' dir='ltr' id='par_1_11' title="bbox 270 3549 1927 3737">
     <span class='ocr_line' id='line_1_31' title="bbox 270 3549 1927 3634; baseline -0.001 -21"><span class='ocrx_word' id='word_1_351' title='bbox 270 3573 298 3613; x_wconf 76' lang='lat' dir='ltr'>so</span> <span class='ocrx_word' id='word_1_352' title='bbox 317 3550 362 3612; x_wconf 89' lang='lat' dir='ltr'>vit</span> <span class='ocrx_word' id='word_1_353' title='bbox 382 3550 503 3614; x_wconf 87' lang='lat' dir='ltr'>caelum</span> <span class='ocrx_word' id='word_1_354' title='bbox 526 3559 557 3614; x_wconf 90' lang='lat' dir='ltr'>ct</span> <span class='ocrx_word' id='word_1_355' title='bbox 576 3557 705 3630; x_wconf 81' lang='lat' dir='ltr'>terram,</span> <span class='ocrx_word' id='word_1_356' title='bbox 734 3559 876 3615; x_wconf 85' lang='lat' dir='ltr'>marcet</span> <span class='ocrx_word' id='word_1_357' title='bbox 902 3553 1009 3614; x_wconf 89' lang='lat' dir='ltr'>omnia</span> <span class='ocrx_word' id='word_1_358' title='bbox 1035 3553 1170 3634; x_wconf 82' lang='lat' dir='ltr'>quaeis</span> <span class='ocrx_word' id='word_1_359' title='bbox 1199 3552 1243 3615; x_wconf 88' lang='lat' dir='ltr'>cis</span> <span class='ocrx_word' id='word_1_360' title='bbox 1272 3555 1362 3629; x_wconf 90' lang='lat' dir='ltr'>sunt,</span> <span class='ocrx_word' id='word_1_361' title='bbox 1383 3556 1415 3613; x_wconf 91' lang='lat' dir='ltr'>ct</span> <span class='ocrx_word' id='word_1_362' title='bbox 1442 3569 1539 3612; x_wconf 77' lang='lat' dir='ltr'>arnam</span> <span class='ocrx_word' id='word_1_363' title='bbox 1566 3568 1635 3612; x_wconf 86' lang='lat' dir='ltr'>esse</span> <span class='ocrx_word' id='word_1_364' title='bbox 1661 3549 1825 3627; x_wconf 65' lang='lat' dir='ltr'>visitarem,</span> <span class='ocrx_word' id='word_1_365' title='bbox 1852 3550 1927 3614; x_wconf 88' lang='lat' dir='ltr'>sub·</span> 
     </span>
     <span class='ocr_line' id='line_1_32' title="bbox 316 3652 1682 3737; baseline -0.001 -22"><span class='ocrx_word' id='word_1_366' title='bbox 316 3654 463 3717; x_wconf 84' lang='lat' dir='ltr'>starrtiam</span> <span class='ocrx_word' id='word_1_367' title='bbox 484 3662 515 3718; x_wconf 92' lang='lat' dir='ltr'>et</span> <span class='ocrx_word' id='word_1_368' title='bbox 536 3656 731 3717; x_wconf 88' lang='lat' dir='ltr'>maiestatem</span> <span class='ocrx_word' id='word_1_369' title='bbox 751 3656 785 3717; x_wconf 93' lang='lat' dir='ltr'>in</span> <span class='ocrx_word' id='word_1_370' title='bbox 808 3653 911 3717; x_wconf 88' lang='lat' dir='ltr'>tribus</span> <span class='ocrx_word' id='word_1_371' title='bbox 933 3655 1077 3737; x_wconf 89' lang='lat' dir='ltr'>personis</span> <span class='ocrx_word' id='word_1_372' title='bbox 1097 3653 1201 3718; x_wconf 90' lang='lat' dir='ltr'>Patris</span> <span class='ocrx_word' id='word_1_373' title='bbox 1222 3662 1251 3717; x_wconf 87' lang='lat' dir='ltr'>et</span> <span class='ocrx_word' id='word_1_374' title='bbox 1272 3652 1344 3716; x_wconf 83' lang='lat' dir='ltr'>Filii</span> <span class='ocrx_word' id='word_1_375' title='bbox 1365 3658 1395 3715; x_wconf 88' lang='lat' dir='ltr'>et</span> <span class='ocrx_word' id='word_1_376' title='bbox 1417 3652 1552 3736; x_wconf 73' lang='lat' dir='ltr'>Spiritus</span> <span class='ocrx_word' id='word_1_377' title='bbox 1574 3653 1682 3715; x_wconf 82' lang='lat' dir='ltr'>sarrcti.</span> 
     </span>
    </p>

    <p class='ocr_par' dir='ltr' id='par_1_12' title="bbox 316 3753 1928 4043">
     <span class='ocr_line' id='line_1_33' title="bbox 416 3753 1927 3839; baseline 0 -21"><span class='ocrx_word' id='word_1_378' title='bbox 416 3755 496 3819; x_wconf 89' lang='lat' dir='ltr'>Item</span> <span class='ocrx_word' id='word_1_379' title='bbox 511 3756 757 3839; x_wconf 87' lang='lat' dir='ltr'>praedicandum</span> <span class='ocrx_word' id='word_1_380' title='bbox 768 3763 831 3836; x_wconf 88' lang='lat' dir='ltr'>est,</span> <span class='ocrx_word' id='word_1_381' title='bbox 845 3755 1003 3839; x_wconf 90' lang='lat' dir='ltr'>quomodo</span> <span class='ocrx_word' id='word_1_382' title='bbox 1011 3753 1070 3818; x_wconf 91' lang='lat' dir='ltr'>Dei</span> <span class='ocrx_word' id='word_1_383' title='bbox 1083 3754 1169 3819; x_wconf 88' lang='lat' dir='ltr'>filius</span> <span class='ocrx_word' id='word_1_384' title='bbox 1183 3757 1364 3818; x_wconf 88' lang='lat' dir='ltr'>incarnatus</span> <span class='ocrx_word' id='word_1_385' title='bbox 1377 3762 1424 3817; x_wconf 87' lang='lat' dir='ltr'>est</span> <span class='ocrx_word' id='word_1_386' title='bbox 1438 3754 1601 3837; x_wconf 87' lang='lat' dir='ltr'>deSpiritu</span> <span class='ocrx_word' id='word_1_387' title='bbox 1614 3763 1722 3817; x_wconf 88' lang='lat' dir='ltr'>sancto</span> <span class='ocrx_word' id='word_1_388' title='bbox 1736 3765 1767 3818; x_wconf 91' lang='lat' dir='ltr'>et</span> <span class='ocrx_word' id='word_1_389' title='bbox 1779 3755 1927 3819; x_wconf 87' lang='lat' dir='ltr'>exllaria</span> 
     </span>
     <span class='ocr_line' id='line_1_34' title="bbox 316 3855 1927 3940; baseline 0 -20"><span class='ocrx_word' id='word_1_390' title='bbox 316 3875 440 3940; x_wconf 83' lang='lat' dir='ltr'>semper</span> <span class='ocrx_word' id='word_1_391' title='bbox 451 3858 573 3940; x_wconf 77' lang='lat' dir='ltr'>virgine</span> <span class='ocrx_word' id='word_1_392' title='bbox 583 3878 639 3940; x_wconf 89' lang='lat' dir='ltr'>pro</span> <span class='ocrx_word' id='word_1_393' title='bbox 652 3857 753 3921; x_wconf 89' lang='lat' dir='ltr'>salute</span> <span class='ocrx_word' id='word_1_394' title='bbox 766 3865 797 3920; x_wconf 91' lang='lat' dir='ltr'>et</span> <span class='ocrx_word' id='word_1_395' title='bbox 813 3859 1010 3940; x_wconf 89' lang='lat' dir='ltr'>reparatione</span> <span class='ocrx_word' id='word_1_396' title='bbox 1022 3858 1152 3920; x_wconf 87' lang='lat' dir='ltr'>humani</span> <span class='ocrx_word' id='word_1_397' title='bbox 1167 3858 1309 3940; x_wconf 82' lang='lat' dir='ltr'>generis,</span> <span class='ocrx_word' id='word_1_398' title='bbox 1320 3876 1446 3939; x_wconf 75' lang='lat' dir='ltr'>passiva,</span> <span class='ocrx_word' id='word_1_399' title='bbox 1461 3855 1604 3939; x_wconf 84' lang='lat' dir='ltr'>sepultus</span> <span class='ocrx_word' id='word_1_400' title='bbox 1618 3865 1650 3919; x_wconf 90' lang='lat' dir='ltr'>ct</span> <span class='ocrx_word' id='word_1_401' title='bbox 1662 3858 1752 3920; x_wconf 88' lang='lat' dir='ltr'>tertia</span> <span class='ocrx_word' id='word_1_402' title='bbox 1762 3857 1813 3921; x_wconf 91' lang='lat' dir='ltr'>die</span> <span class='ocrx_word' id='word_1_403' title='bbox 1827 3878 1927 3922; x_wconf 87' lang='lat' dir='ltr'>resur·</span> 
     </span>
     <span class='ocr_line' id='line_1_35' title="bbox 316 3958 1928 4043; baseline -0.001 -20"><span class='ocrx_word' id='word_1_404' title='bbox 316 3960 398 4023; x_wconf 88' lang='lat' dir='ltr'>rexit</span> <span class='ocrx_word' id='word_1_405' title='bbox 418 3967 448 4022; x_wconf 91' lang='lat' dir='ltr'>et</span> <span class='ocrx_word' id='word_1_406' title='bbox 469 3959 610 4022; x_wconf 86' lang='lat' dir='ltr'>ascendit</span> <span class='ocrx_word' id='word_1_407' title='bbox 628 3960 662 4021; x_wconf 93' lang='lat' dir='ltr'>in</span> <span class='ocrx_word' id='word_1_408' title='bbox 683 3958 774 4035; x_wconf 78' lang='lat' dir='ltr'>celis3</span> <span class='ocrx_word' id='word_1_409' title='bbox 796 3967 827 4023; x_wconf 88' lang='lat' dir='ltr'>et</span> <span class='ocrx_word' id='word_1_410' title='bbox 848 3959 1006 4043; x_wconf 89' lang='lat' dir='ltr'>quemodo</span> <span class='ocrx_word' id='word_1_411' title='bbox 1028 3960 1144 4022; x_wconf 88' lang='lat' dir='ltr'>iterum</span> <span class='ocrx_word' id='word_1_412' title='bbox 1165 3966 1320 4022; x_wconf 90' lang='lat' dir='ltr'>venturus</span> <span class='ocrx_word' id='word_1_413' title='bbox 1343 3960 1383 4020; x_wconf 88' lang='lat' dir='ltr'>sit</span> <span class='ocrx_word' id='word_1_414' title='bbox 1404 3959 1435 4019; x_wconf 92' lang='lat' dir='ltr'>in</span> <span class='ocrx_word' id='word_1_415' title='bbox 1463 3958 1623 4021; x_wconf 85' lang='lat' dir='ltr'>rnaiestute</span> <span class='ocrx_word' id='word_1_416' title='bbox 1645 3958 1767 4039; x_wconf 88' lang='lat' dir='ltr'>divina,</span> <span class='ocrx_word' id='word_1_417' title='bbox 1789 3959 1928 4022; x_wconf 88' lang='lat' dir='ltr'>iudicare</span> 
     </span>
    </p>

    <p class='ocr_par' dir='ltr' id='par_1_13' title="bbox 269 4059 1927 4246">
     <span class='ocr_line' id='line_1_36' title="bbox 269 4059 1927 4145; baseline -0.001 -22"><span class='ocrx_word' id='word_1_418' title='bbox 269 4075 297 4116; x_wconf 72' lang='lat'>³⁵</span> <span class='ocrx_word' id='word_1_419' title='bbox 316 4080 427 4124; x_wconf 88' lang='lat' dir='ltr'>omnes</span> <span class='ocrx_word' id='word_1_420' title='bbox 436 4061 581 4124; x_wconf 86' lang='lat' dir='ltr'>homines</span> <span class='ocrx_word' id='word_1_421' title='bbox 594 4060 769 4124; x_wconf 88' lang='lat' dir='ltr'>seeundum</span> <span class='ocrx_word' id='word_1_422' title='bbox 782 4063 894 4124; x_wconf 86' lang='lat' dir='ltr'>merita</span> <span class='ocrx_word' id='word_1_423' title='bbox 905 4062 1044 4144; x_wconf 88' lang='lat' dir='ltr'>propria;</span> <span class='ocrx_word' id='word_1_424' title='bbox 1060 4069 1091 4125; x_wconf 91' lang='lat' dir='ltr'>et</span> <span class='ocrx_word' id='word_1_425' title='bbox 1106 4061 1264 4145; x_wconf 90' lang='lat' dir='ltr'>quomodo</span> <span class='ocrx_word' id='word_1_426' title='bbox 1279 4061 1365 4143; x_wconf 89' lang='lat' dir='ltr'>impii</span> <span class='ocrx_word' id='word_1_427' title='bbox 1378 4066 1503 4142; x_wconf 85' lang='lat' dir='ltr'>propter</span> <span class='ocrx_word' id='word_1_428' title='bbox 1515 4059 1632 4123; x_wconf 85' lang='lat' dir='ltr'>scelera</span> <span class='ocrx_word' id='word_1_429' title='bbox 1644 4080 1785 4124; x_wconf 73' lang='lat' dir='ltr'>secacum</span> <span class='ocrx_word' id='word_1_430' title='bbox 1799 4060 1927 4124; x_wconf 89' lang='lat' dir='ltr'>diabulo</span> 
     </span>
     <span class='ocr_line' id='line_1_37' title="bbox 316 4162 1926 4246; baseline 0 -21"><span class='ocrx_word' id='word_1_431' title='bbox 316 4164 349 4225; x_wconf 90' lang='lat' dir='ltr'>in</span> <span class='ocrx_word' id='word_1_432' title='bbox 364 4163 469 4246; x_wconf 76' lang='lat' dir='ltr'>ignem</span> <span class='ocrx_word' id='word_1_433' title='bbox 481 4169 644 4227; x_wconf 85' lang='lat' dir='ltr'>aeternum</span> <span class='ocrx_word' id='word_1_434' title='bbox 657 4164 838 4243; x_wconf 89' lang='lat' dir='ltr'>mittentur,</span> <span class='ocrx_word' id='word_1_435' title='bbox 859 4168 888 4227; x_wconf 87' lang='lat' dir='ltr'>et</span> <span class='ocrx_word' id='word_1_436' title='bbox 903 4164 979 4226; x_wconf 88' lang='lat' dir='ltr'>iusti</span> <span class='ocrx_word' id='word_1_437' title='bbox 992 4183 1066 4226; x_wconf 86' lang='lat' dir='ltr'>curn</span> <span class='ocrx_word' id='word_1_438' title='bbox 1077 4163 1198 4226; x_wconf 84' lang='lat' dir='ltr'>Christo</span> <span class='ocrx_word' id='word_1_439' title='bbox 1213 4168 1244 4227; x_wconf 91' lang='lat' dir='ltr'>ct</span> <span class='ocrx_word' id='word_1_440' title='bbox 1258 4164 1375 4225; x_wconf 87' lang='lat' dir='ltr'>sanctis</span> <span class='ocrx_word' id='word_1_441' title='bbox 1387 4162 1507 4244; x_wconf 78' lang='lat' dir='ltr'>angelis</span> <span class='ocrx_word' id='word_1_442' title='bbox 1523 4163 1590 4225; x_wconf 78' lang='lat' dir='ltr'>stris</span> <span class='ocrx_word' id='word_1_443' title='bbox 1602 4163 1635 4225; x_wconf 92' lang='lat' dir='ltr'>in</span> <span class='ocrx_word' id='word_1_444' title='bbox 1650 4165 1747 4225; x_wconf 91' lang='lat' dir='ltr'>vitam</span> <span class='ocrx_word' id='word_1_445' title='bbox 1759 4171 1926 4226; x_wconf 87' lang='lat' dir='ltr'>aeternam.</span> 
     </span>
    </p>

    <p class='ocr_par' dir='ltr' id='par_1_14' title="bbox 317 4264 1928 4451">
     <span class='ocr_line' id='line_1_38' title="bbox 416 4264 1928 4349; baseline 0 -21"><span class='ocrx_word' id='word_1_446' title='bbox 416 4265 496 4330; x_wconf 89' lang='lat' dir='ltr'>Item</span> <span class='ocrx_word' id='word_1_447' title='bbox 518 4265 683 4349; x_wconf 84' lang='lat' dir='ltr'>diligenter</span> <span class='ocrx_word' id='word_1_448' title='bbox 702 4265 948 4349; x_wconf 88' lang='lat' dir='ltr'>praedicandum</span> <span class='ocrx_word' id='word_1_449' title='bbox 970 4272 1017 4328; x_wconf 91' lang='lat' dir='ltr'>est</span> <span class='ocrx_word' id='word_1_450' title='bbox 1037 4266 1076 4329; x_wconf 92' lang='lat' dir='ltr'>de</span> <span class='ocrx_word' id='word_1_451' title='bbox 1090 4267 1319 4329; x_wconf 84' lang='lat' dir='ltr'>resurrectione</span> <span class='ocrx_word' id='word_1_452' title='bbox 1333 4272 1548 4344; x_wconf 86' lang='lat' dir='ltr'>mortuorum,</span> <span class='ocrx_word' id='word_1_453' title='bbox 1570 4272 1605 4328; x_wconf 91' lang='lat' dir='ltr'>ut</span> <span class='ocrx_word' id='word_1_454' title='bbox 1626 4267 1727 4328; x_wconf 79' lang='lat' dir='ltr'>sciaru</span> <span class='ocrx_word' id='word_1_455' title='bbox 1748 4271 1778 4328; x_wconf 87' lang='lat' dir='ltr'>et</span> <span class='ocrx_word' id='word_1_456' title='bbox 1799 4264 1928 4328; x_wconf 87' lang='lat' dir='ltr'>credaut</span> 
     </span>
     <span class='ocr_line' id='line_1_39' title="bbox 317 4367 1246 4451; baseline 0 -21"><span class='ocrx_word' id='word_1_457' title='bbox 317 4370 349 4431; x_wconf 95' lang='lat' dir='ltr'>in</span> <span class='ocrx_word' id='word_1_458' title='bbox 370 4368 481 4432; x_wconf 89' lang='lat' dir='ltr'>iisdem</span> <span class='ocrx_word' id='word_1_459' title='bbox 502 4367 687 4450; x_wconf 87' lang='lat' dir='ltr'>corporibus</span> <span class='ocrx_word' id='word_1_460' title='bbox 709 4369 828 4451; x_wconf 91' lang='lat' dir='ltr'>premia</span> <span class='ocrx_word' id='word_1_461' title='bbox 849 4368 1033 4431; x_wconf 89' lang='lat' dir='ltr'>meritorum</span> <span class='ocrx_word' id='word_1_462' title='bbox 1056 4374 1246 4451; x_wconf 89' lang='lat' dir='ltr'>accepturos.</span> 
     </span>
    </p>

    <p class='ocr_par' dir='ltr' id='par_1_15' title="bbox 416 4468 1925 4553">
     <span class='ocr_line' id='line_1_40' title="bbox 416 4468 1925 4553; baseline 0 -20"><span class='ocrx_word' id='word_1_463' title='bbox 416 4469 496 4533; x_wconf 88' lang='lat' dir='ltr'>Item</span> <span class='ocrx_word' id='word_1_464' title='bbox 518 4471 700 4533; x_wconf 89' lang='lat' dir='ltr'>cumomni</span> <span class='ocrx_word' id='word_1_465' title='bbox 722 4469 884 4553; x_wconf 83' lang='lat' dir='ltr'>diligentia</span> <span class='ocrx_word' id='word_1_466' title='bbox 906 4471 1029 4533; x_wconf 90' lang='lat' dir='ltr'>cunctis</span> <span class='ocrx_word' id='word_1_467' title='bbox 1050 4469 1297 4552; x_wconf 87' lang='lat' dir='ltr'>praedicandum</span> <span class='ocrx_word' id='word_1_468' title='bbox 1318 4478 1380 4548; x_wconf 91' lang='lat' dir='ltr'>cst,</span> <span class='ocrx_word' id='word_1_469' title='bbox 1402 4489 1458 4549; x_wconf 87' lang='lat' dir='ltr'>pro</span> <span class='ocrx_word' id='word_1_470' title='bbox 1480 4468 1597 4552; x_wconf 89' lang='lat' dir='ltr'>quibus</span> <span class='ocrx_word' id='word_1_471' title='bbox 1618 4468 1806 4533; x_wconf 88' lang='lat' dir='ltr'>criminibus</span> <span class='ocrx_word' id='word_1_472' title='bbox 1827 4470 1925 4553; x_wconf 89' lang='lat' dir='ltr'>depu-</span> 
     </span>
    </p>

    <p class='ocr_par' dir='ltr' id='par_1_16' title="bbox 269 4570 1928 5165">
     <span class='ocr_line' id='line_1_41' title="bbox 269 4570 1926 4655; baseline -0.003 -16"><span class='ocrx_word' id='word_1_473' title='bbox 269 4600 298 4639; x_wconf 70' lang='lat' dir='ltr'>is</span> <span class='ocrx_word' id='word_1_474' title='bbox 317 4581 424 4636; x_wconf 90' lang='lat' dir='ltr'>teutur</span> <span class='ocrx_word' id='word_1_475' title='bbox 445 4591 520 4636; x_wconf 90' lang='lat' dir='ltr'>cum</span> <span class='ocrx_word' id='word_1_476' title='bbox 541 4570 667 4634; x_wconf 88' lang='lat' dir='ltr'>diabulo</span> <span class='ocrx_word' id='word_1_477' title='bbox 689 4573 722 4633; x_wconf 91' lang='lat' dir='ltr'>in</span> <span class='ocrx_word' id='word_1_478' title='bbox 744 4578 906 4635; x_wconf 88' lang='lat' dir='ltr'>aeternum</span> <span class='ocrx_word' id='word_1_479' title='bbox 928 4571 1128 4655; x_wconf 90' lang='lat' dir='ltr'>supplicium.</span> <span class='ocrx_word' id='word_1_480' title='bbox 1170 4571 1320 4654; x_wconf 86' lang='lat' dir='ltr'>Legimus</span> <span class='ocrx_word' id='word_1_481' title='bbox 1336 4573 1436 4650; x_wconf 89' lang='lat' dir='ltr'>onim,</span> <span class='ocrx_word' id='word_1_482' title='bbox 1458 4572 1632 4655; x_wconf 78' lang='lat' dir='ltr'>apostolc‘2¹</span> <span class='ocrx_word' id='word_1_483' title='bbox 1654 4571 1926 4636; x_wconf 78' lang='lat' dir='ltr'>dicente:·n1ani-</span> 
     </span>
     <span class='ocr_line' id='line_1_42' title="bbox 317 4672 1926 4756; baseline 0 -20"><span class='ocrx_word' id='word_1_484' title='bbox 317 4674 395 4738; x_wconf 89' lang='lat' dir='ltr'>festa</span> <span class='ocrx_word' id='word_1_485' title='bbox 426 4680 533 4737; x_wconf 87' lang='lat' dir='ltr'>autem</span> <span class='ocrx_word' id='word_1_486' title='bbox 562 4679 638 4736; x_wconf 89' lang='lat' dir='ltr'>sunt</span> <span class='ocrx_word' id='word_1_487' title='bbox 664 4692 759 4755; x_wconf 88' lang='lat' dir='ltr'>opera</span> <span class='ocrx_word' id='word_1_488' title='bbox 786 4675 903 4753; x_wconf 87' lang='lat' dir='ltr'>carrris,</span> <span class='ocrx_word' id='word_1_489' title='bbox 936 4693 1017 4756; x_wconf 85' lang='lat' dir='ltr'>quae</span> <span class='ocrx_word' id='word_1_490' title='bbox 1044 4682 1120 4737; x_wconf 90' lang='lat' dir='ltr'>sunt</span> <span class='ocrx_word' id='word_1_491' title='bbox 1142 4673 1322 4754; x_wconf 86' lang='lat' dir='ltr'>fornicatio,</span> <span class='ocrx_word' id='word_1_492' title='bbox 1356 4673 1560 4751; x_wconf 73' lang='lat' dir='ltr'>inmunditia,</span> <span class='ocrx_word' id='word_1_493' title='bbox 1594 4672 1739 4754; x_wconf 83' lang='lat' dir='ltr'>luxuria,</span> <span class='ocrx_word' id='word_1_494' title='bbox 1769 4674 1926 4737; x_wconf 86' lang='lat' dir='ltr'>idolorum</span> 
     </span>
     <span class='ocr_line' id='line_1_43' title="bbox 318 4774 1928 4856; baseline 0 -17"><span class='ocrx_word' id='word_1_495' title='bbox 318 4777 469 4856; x_wconf 86' lang='lat' dir='ltr'>servitus,</span> <span class='ocrx_word' id='word_1_496' title='bbox 495 4774 664 4855; x_wconf 89' lang='lat' dir='ltr'>veneficia,</span> <span class='ocrx_word' id='word_1_497' title='bbox 695 4776 891 4854; x_wconf 75' lang='lat' dir='ltr'>inimicitiae,</span> <span class='ocrx_word' id='word_1_498' title='bbox 923 4777 1156 4856; x_wconf 85' lang='lat' dir='ltr'>contentiones,</span> <span class='ocrx_word' id='word_1_499' title='bbox 1188 4775 1430 4853; x_wconf 88' lang='lat' dir='ltr'>aemulationes,</span> <span class='ocrx_word' id='word_1_500' title='bbox 1461 4776 1691 4856; x_wconf 88' lang='lat' dir='ltr'>animositates,</span> <span class='ocrx_word' id='word_1_501' title='bbox 1717 4777 1796 4849; x_wconf 87' lang='lat' dir='ltr'>irae,</span> <span class='ocrx_word' id='word_1_502' title='bbox 1828 4777 1928 4855; x_wconf 76' lang='lat' dir='ltr'>navve,</span> 
     </span>
     <span class='ocr_line' id='line_1_44' title="bbox 318 4875 1925 4958; baseline 0.001 -18"><span class='ocrx_word' id='word_1_503' title='bbox 318 4878 544 4951; x_wconf 87' lang='lat' dir='ltr'>dissensiones,</span> <span class='ocrx_word' id='word_1_504' title='bbox 575 4877 737 4958; x_wconf 75' lang='lat' dir='ltr'>haereseS,</span> <span class='ocrx_word' id='word_1_505' title='bbox 772 4881 890 4957; x_wconf 85' lang='lat' dir='ltr'>sectae,</span> <span class='ocrx_word' id='word_1_506' title='bbox 925 4877 1078 4957; x_wconf 89' lang='lat' dir='ltr'>invidiae,</span> <span class='ocrx_word' id='word_1_507' title='bbox 1116 4878 1297 4956; x_wconf 84' lang='lat' dir='ltr'>lromicidIa,</span> <span class='ocrx_word' id='word_1_508' title='bbox 1328 4875 1509 4956; x_wconf 84' lang='lat' dir='ltr'>ebrietates,</span> <span class='ocrx_word' id='word_1_509' title='bbox 1540 4879 1784 4942; x_wconf 88' lang='lat' dir='ltr'>comessationes</span> <span class='ocrx_word' id='word_1_510' title='bbox 1814 4887 1845 4941; x_wconf 88' lang='lat' dir='ltr'>et</span> <span class='ocrx_word' id='word_1_511' title='bbox 1876 4878 1925 4942; x_wconf 89' lang='lat' dir='ltr'>bis</span> 
     </span>
     <span class='ocr_line' id='line_1_45' title="bbox 319 4977 1925 5063; baseline 0.001 -21"><span class='ocrx_word' id='word_1_512' title='bbox 319 4979 448 5043; x_wconf 85' lang='lat' dir='ltr'>slmilia:</span> <span class='ocrx_word' id='word_1_513' title='bbox 476 4998 558 5063; x_wconf 87' lang='lat' dir='ltr'>quae</span> <span class='ocrx_word' id='word_1_514' title='bbox 578 4979 723 5061; x_wconf 91' lang='lat' dir='ltr'>praedico</span> <span class='ocrx_word' id='word_1_515' title='bbox 746 4978 852 5058; x_wconf 88' lang='lat' dir='ltr'>vobis,</span> <span class='ocrx_word' id='word_1_516' title='bbox 874 4980 956 5042; x_wconf 90' lang='lat' dir='ltr'>sicut</span> <span class='ocrx_word' id='word_1_517' title='bbox 977 4979 1136 5063; x_wconf 78' lang='lat' dir='ltr'>praediri,</span> <span class='ocrx_word' id='word_1_518' title='bbox 1158 4980 1308 5062; x_wconf 89' lang='lat' dir='ltr'>quoniam</span> <span class='ocrx_word' id='word_1_519' title='bbox 1330 4978 1386 5060; x_wconf 87' lang='lat' dir='ltr'>qui</span> <span class='ocrx_word' id='word_1_520' title='bbox 1407 4977 1481 5040; x_wconf 87' lang='lat' dir='ltr'>talia</span> <span class='ocrx_word' id='word_1_521' title='bbox 1499 4986 1598 5061; x_wconf 81' lang='lat' dir='ltr'>agunt</span> <span class='ocrx_word' id='word_1_522' title='bbox 1626 4999 1759 5063; x_wconf 88' lang='lat' dir='ltr'>regnum</span> <span class='ocrx_word' id='word_1_523' title='bbox 1779 4978 1837 5043; x_wconf 90' lang='lat' dir='ltr'>Dei</span> <span class='ocrx_word' id='word_1_524' title='bbox 1860 5000 1925 5043; x_wconf 86' lang='lat' dir='ltr'>non</span> 
     </span>
     <span class='ocr_line' id='line_1_46' title="bbox 271 5078 1928 5165; baseline 0.001 -23"><span class='ocrx_word' id='word_1_525' title='bbox 271 5101 300 5142; x_wconf 77' lang='lat' dir='ltr'>ra</span> <span class='ocrx_word' id='word_1_526' title='bbox 319 5079 565 5165; x_wconf 73' lang='lat' dir='ltr'>possIdabunu’.</span> <span class='ocrx_word' id='word_1_527' title='bbox 608 5078 682 5143; x_wconf 89' lang='lat' dir='ltr'>Idec</span> <span class='ocrx_word' id='word_1_528' title='bbox 701 5080 777 5143; x_wconf 89' lang='lat' dir='ltr'>haec</span> <span class='ocrx_word' id='word_1_529' title='bbox 794 5081 903 5144; x_wconf 88' lang='lat' dir='ltr'>eadem</span> <span class='ocrx_word' id='word_1_530' title='bbox 925 5101 1007 5164; x_wconf 88' lang='lat' dir='ltr'>quae</span> <span class='ocrx_word' id='word_1_531' title='bbox 1021 5101 1156 5159; x_wconf 68' lang='lat' dir='ltr'>magnus</span> <span class='ocrx_word' id='word_1_532' title='bbox 1174 5081 1367 5164; x_wconf 88' lang='lat' dir='ltr'>praedicator</span> <span class='ocrx_word' id='word_1_533' title='bbox 1382 5080 1531 5144; x_wconf 88' lang='lat' dir='ltr'>ecclcsiae</span> <span class='ocrx_word' id='word_1_534' title='bbox 1542 5079 1602 5144; x_wconf 90' lang='lat' dir='ltr'>Dei</span> <span class='ocrx_word' id='word_1_535' title='bbox 1623 5081 1804 5164; x_wconf 82' lang='lat' dir='ltr'>singillatim</span> <span class='ocrx_word' id='word_1_536' title='bbox 1826 5083 1928 5145; x_wconf 92' lang='lat' dir='ltr'>nomi·</span> 
     </span>
    </p>
   </div>
   <div class='ocr_carea' id='block_1_3' title="bbox 419 5258 1928 5331">
    <p class='ocr_par' dir='ltr' id='par_1_17' title="bbox 419 5258 1928 5331">
     <span class='ocr_line' id='line_1_47' title="bbox 419 5258 1928 5331; baseline 0.002 -19"><span class='ocrx_word' id='word_1_537' title='bbox 419 5258 448 5312; x_wconf 81' lang='lat' dir='ltr'>dl</span> <span class='ocrx_word' id='word_1_538' title='bbox 470 5258 608 5313; x_wconf 86' lang='lat' dir='ltr'>Omnibus</span> <span class='ocrx_word' id='word_1_539' title='bbox 620 5258 760 5312; x_wconf 75' lang='lat' dir='ltr'>clericisi.</span> <span class='ocrx_word' id='word_1_540' title='bbox 854 5266 881 5315; x_wconf 82' lang='lat' dir='ltr'>el</span> <span class='ocrx_word' id='word_1_541' title='bbox 903 5258 1220 5331; x_wconf 71' lang='lat' dir='ltr'>Episcopisomnibusl.</span> <span class='ocrx_word' id='word_1_542' title='bbox 1315 5258 1339 5328; x_wconf 71' lang='lat' dir='ltr'>f&gt;</span> <span class='ocrx_word' id='word_1_543' title='bbox 1361 5259 1626 5331; x_wconf 76' lang='lat' dir='ltr'>consequautrrr123</span> <span class='ocrx_word' id='word_1_544' title='bbox 1639 5268 1824 5315; x_wconf 87' lang='lat' dir='ltr'>consecuntur</span> <span class='ocrx_word' id='word_1_545' title='bbox 1838 5278 1928 5331; x_wconf 87' lang='lat' dir='ltr'>neque</span> 
     </span>
    </p>
   </div>
   <div class='ocr_carea' id='block_1_4' title="bbox 319 5338 532 5410">
    <p class='ocr_par' dir='ltr' id='par_1_18' title="bbox 319 5338 532 5410">
     <span class='ocr_line' id='line_1_48' title="bbox 319 5338 532 5410; baseline -0.005 -16"><span class='ocrx_word' id='word_1_546' title='bbox 319 5338 532 5410; x_wconf 78' lang='lat' dir='ltr'>possidebuutb.</span> 
     </span>
    </p>
   </div>
   <div class='ocr_carea' id='block_1_5' title="bbox 327 5506 1926 5676">
    <p class='ocr_par' dir='ltr' id='par_1_19' title="bbox 327 5506 1926 5676">
     <span class='ocr_line' id='line_1_49' title="bbox 422 5506 1926 5581; baseline 0.003 -21"><span class='ocrx_word' id='word_1_547' title='bbox 422 5506 472 5575; x_wconf 82' lang='lat' dir='ltr'>ra)</span> <span class='ocrx_word' id='word_1_548' title='bbox 495 5506 556 5576; x_wconf 68' lang='lat' dir='ltr'>cs.</span> <span class='ocrx_word' id='word_1_549' title='bbox 569 5507 671 5561; x_wconf 77' lang='lat' dir='ltr'>Karou</span> <span class='ocrx_word' id='word_1_550' title='bbox 681 5508 755 5578; x_wconf 69' lang='lat' dir='ltr'>epa.</span> <span class='ocrx_word' id='word_1_551' title='bbox 768 5507 1193 5578; x_wconf 53' lang='lat' dir='ltr'>pearsonum-scopas«.</span> <span class='ocrx_word' id='word_1_552' title='bbox 1206 5506 1289 5561; x_wconf 82' lang='lat' dir='ltr'>cao.</span> <span class='ocrx_word' id='word_1_553' title='bbox 1360 5508 1408 5577; x_wconf 73' lang='lat' dir='ltr'>ra)</span> <span class='ocrx_word' id='word_1_554' title='bbox 1430 5509 1577 5581; x_wconf 57' lang='lat' dir='ltr'>samso,</span> <span class='ocrx_word' id='word_1_555' title='bbox 1592 5511 1706 5567; x_wconf 83' lang='lat' dir='ltr'>s-ro.</span> <span class='ocrx_word' id='word_1_556' title='bbox 1769 5511 1820 5573; x_wconf 69' lang='lat' dir='ltr'>aci</span> <span class='ocrx_word' id='word_1_557' title='bbox 1843 5512 1926 5566; x_wconf 67' lang='lat' dir='ltr'>caso.</span> 
     </span>
     <span class='ocr_line' id='line_1_50' title="bbox 327 5603 1006 5676; baseline 0.001 -17"><span class='ocrx_word' id='word_1_558' title='bbox 327 5603 570 5661; x_wconf 58' lang='lat' dir='ltr'>lebbml.</span> <span class='ocrx_word' id='word_1_559' title='bbox 651 5604 701 5664; x_wconf 74' lang='lat' dir='ltr'>tlt</span> <span class='ocrx_word' id='word_1_560' title='bbox 724 5604 818 5660; x_wconf 75' lang='lat' dir='ltr'>Galat.</span> <span class='ocrx_word' id='word_1_561' title='bbox 829 5606 855 5676; x_wconf 77' lang='grc' dir='ltr'>ὁ,</span> <span class='ocrx_word' id='word_1_562' title='bbox 870 5605 1006 5660; x_wconf 77' lang='lat'>19-21.</span> 
     </span>
    </p>
   </div>
   <div class='ocr_carea' id='block_1_6' title="bbox 0 0 2196 6244">
    <p class='ocr_par' dir='ltr' id='par_1_20' title="bbox 0 0 2196 6244">
     <span class='ocr_line' id='line_1_51' title="bbox 0 0 2196 6244; baseline 0 0"><span class='ocrx_word' id='word_1_563' title='bbox 0 0 2196 6244; x_wconf 95' lang='lat' dir='ltr'> </span> 
     </span>
    </p>
   </div>
  </div>
 </body>
</html>
