4380 6248
780 390 924 446 KAROLI
946 390 1069 446 MAGNI
1093 390 1362 447 CAPITULARIA.

367 577 416 640 35.
459 574 502 637 Ut
527 593 638 637 omnes
665 575 795 637 oninino
824 574 990 656 episcopus
1019 580 1049 636 et
1076 572 1265 657 presbiteros
1292 591 1367 636 suos
1388 572 1474 636 omni
1495 573 1615 637 honore
1631 580 1826 637 venerentnr
1843 572 1877 636 in

268 679 395 740 servitio
416 684 447 740 et
468 677 631 740 voluntate
650 675 718 739 Dei.
761 675 836 739 Ne¹1¹
857 676 986 738 incestis
1007 676 1127 758 nuptiis
1148 682 1179 739 et
1200 694 1234 739 se
1254 675 1340 758 ipsos
1357 682 1389 738 et
1401 682 1541 739 caeteros
1551 674 1713 739 maculare
1723 674 1877 753 audeant3

267 781 506 843 coniunctiones
526 779 627 842 facere
644 798 709 841 non
730 783 923 862 praesumat,
946 785 1116 859 antequam
1129 778 1281 861 episcopi,
1302 776 1563 860 presbytcricum
1577 776 1758 842 senioribus
1767 776 1876 861 populi

267 882 574 965 consanguinitatem
595 882 857 964 coniungentium
879 879 1054 963 diligenter·
1065 881 1250 963 exquirant,
1279 886 1309 943 et
1339 885 1416 942 tunc
1436 899 1510 943 cum
1529 878 1782 943 benedictionem
1804 880 1878 943 iun·

266 994 390 1067 gantur.
433 982 625 1047 Ebrietatem
646 983 800 1057 devitant,
828 983 1028 1065 rapacitatem
1049 981 1184 1064 fugiant,
1204 982 1326 1045 furtum
1353 1000 1417 1044 non
1445 981 1574 1059 faciant;
1603 981 1675 1045 lites
1695 988 1727 1046 et
1746 988 1877 1046 conten·
1909 1000 1922 1037 a

267 1087 369 1148 hones
390 1085 493 1168 adque
513 1084 719 1167 blasphemia,
746 1086 814 1148 sive
834 1085 866 1146 in
888 1085 1043 1147 conviviis
1069 1086 1189 1147 sivein
1213 1084 1399 1166 conplacito,
1428 1084 1558 1146 omnino
1584 1083 1793 1163 dannatum,
1822 1084 1877 1148 sed

267 1206 342 1250 cum
363 1188 490 1250 caritate
512 1194 542 1249 et
562 1187 728 1250 concordia
749 1186 866 1249 vibant.
1167 1193 1169 1197 '
1376 1262 1381 1271 Ι

365 1290 414 1354 36.
456 1287 498 1351 Et
518 1294 554 1352 nt
575 1308 685 1352 onines
706 1289 837 1351 omnino
857 1287 897 1350 ad
915 1306 1042 1350 omnem
1064 1287 1184 1350 iustitia
1204 1287 1406 1371 exsequenda
1429 1294 1460 1351 et
1478 1288 1584 1351 missis
1596 1288 1714 1351 nostris
1727 1288 1793 1351 sint
1802 1306 1877 1351 con·

268 1394 445 1455 sentientcs.
487 1390 526 1453 Et
549 1410 643 1454 usum
665 1392 795 1474 periurii
821 1391 951 1452 omnino
976 1400 1059 1452 n0n⁰
1087 1390 1281 1472 permittant,
1310 1391 1366 1472 qui
1392 1390 1452 1453 hoc
1470 1390 1645 1473 pessimum
1669 1391 1774 1455 scelus
1795 1390 1877 1453 chri·

269 1495 369 1556 stiano
390 1493 506 1576 populo
529 1493 670 1556 statanor
691 1511 820 1556 necesse
840 1498 895 1555 est.
938 1491 969 1556 Si
994 1492 1067 1574 (piris
1089 1500 1195 1555 autem
1215 1499 1286 1575 post
1306 1491 1365 1554 hoc
1386 1492 1419 1554 in
1440 1492 1577 1575 periurio
1597 1490 1750 1576 probatus
1768 1490 1873 1571 fuerit,
1895 1512 1923 1552 ιι

268 1614 398 1658 manum
411 1597 438 1638 ¹⁴
467 1596 597 1658 dextera
617 1614 651 1658 se
671 1594 800 1678 perdere
821 1595 913 1671 sciat3
942 1601 1047 1656 tamen
1071 1593 1275 1656 hereditatem
1304 1594 1430 1679 propria
1448 1594 1614 1676 priventur
1632 1612 1737 1677 usque
1757 1594 1798 1657 ad
1820 1614 1877 1657 no·

269 1706 367 1760 stnrm
391 1697 553 1761 iudicium.

366 1801 414 1863 37.
456 1799 518 1862 Utq
539 1800 584 1862 hii
605 1800 660 1882 qui
681 1799 844 1882 patricidia
864 1797 914 1861 rel
935 1797 1106 1860 fratricidia
1125 1798 1249 1875 facerit,
1270 1796 1483 1873 avunculum,
1503 1804 1653 1881 patruum
1663 1799 1714 1862 vel
1735 1798 1875 1881 aliquem

267 1920 308 1964 ex
336 1902 521 1984 propinquis
542 1901 724 1979 occiderint,
752 1907 783 1964 et
807 1900 963 1963 iudicium
983 1901 1216 1983 episcoporum,
1244 1898 1491 1981 presbiterorum
1512 1906 1773 1983 caeterorumque
1793 1900 1877 1964 iudi-

268 2005 352 2065 cium
377 2002 524 2066 obhedire
544 2010 575 2066 et
595 2005 773 2067 consentire
793 2002 965 2074 noluerint,
987 2002 1071 2085 equod
1093 2002 1132 2065 ad
1146 2002 1279 2065 salutem
1291 2002 1414 2064 animae
1427 2020 1504 2064 suae
1518 2002 1704 2087 iustumque
1718 2002 1877 2067 iudicium
1896 2022 1923 2064 ιι

268 2105 454 2169 solvendum
481 2106 571 2168 missi
601 2107 698 2168 nostri
719 2113 750 2168 et
770 2107 894 2168 comitis
915 2106 948 2167 in
969 2104 1023 2167 tali
1046 2104 1189 2168 custodia
1210 2110 1364 2180 coartent,
1391 2110 1427 2167 ut
1447 2103 1527 2166 salvi
1549 2105 1613 2167 sint
1634 2122 1694 2168 nec
1715 2110 1877 2169 caeterum

267 2207 420 2290 populum
448 2208 683 2290 quoinquinent
711 2226 811 2289 usque
839 2206 915 2270 dum
946 2208 976 2268 in
1006 2214 1113 2269 nostra
1138 2206 1293 2288 presentia
1324 2206 1528 2289 perdonatum
1555 2211 1586 2269 et
1612 2206 1652 2270 de
1678 2224 1730 2271 res
1750 2208 1878 2291 propria

268 2330 325 2372 sua
346 2311 472 2373 interim
494 2309 573 2373 nihil
595 2308 737 2372 habeant.

366 2414 415 2476 33.
457 2411 609 2475 Similiter
628 2418 659 2475 et
681 2411 731 2474 his
759 2409 813 2473 fiat
837 2412 892 2493 qui
920 2409 1048 2473 inlicitis
1073 2416 1103 2472 et
1130 2411 1258 2473 incestis
1283 2408 1562 2472 coniunctionibus
1588 2409 1772 2493 reprehensi
1800 2420 1877 2475 sunt

267 2514 396 2577 correcti
424 2522 454 2576 et
481 2532 540 2575 nec
564 2532 598 2576 se
618 2512 785 2575 emendare
807 2512 918 2575 volunt
938 2532 1043 2595 neque
1063 2514 1216 2594 episcopis
1237 2531 1341 2594 nequo
1361 2510 1541 2593 presbiteris
1562 2512 1630 2574 suis
1649 2511 1878 2597 obtemperare,
1896 2536 1923 2576 ιι

268 2624 299 2677 et
318 2615 461 2677 bannum
482 2622 628 2678 nostrum
648 2623 873 2698 praesumuntr
898 2622 1130 2698 contempnere.

365 2718 413 2782 39.
456 2716 498 2780 Ut
520 2718 552 2779 in
575 2716 706 2779 forestes
728 2722 851 2779 nostras
870 2716 1024 2780 feramina
1044 2723 1150 2779 nostra
1173 2716 1298 2779 nemine
1312 2715 1418 2779 furare
1433 2715 1562 2791 audeat,
1586 2716 1752 2800 quodiam
1767 2716 1878 2781 multis

268 2818 390 2881 vicibus
418 2818 485 2881 fieri
516 2818 779 2895 contradiximus3
810 2824 855 2882 et*3
883 2838 969 2882 nunc
996 2819 1111 2881 iterum
1139 2817 1331 2881 banniamus
1358 2817 1503 2891 tinnitor,
1538 2826 1573 2881 ut
1608 2837 1702 2882 nemo
1738 2818 1878 2903 amplius

267 2920 371 2987 faciat,
399 2922 480 2983 sicut
508 2920 689 2984 fidelitatem
718 2920 808 2983 nobis
834 2922 989 3003 promissa
1018 2921 1240 3002 unusquisqne
1262 2938 1449 2983 conservare
1468 2920 1589 3003 cupiat,
1610 2921 1654 2983 ita
1674 2919 1735 2984 sibi
1757 2934 1876 2985 careat.

268 3024 394 3105 Siquis
421 3030 527 3085 autem
558 3024 657 3085 comis
678 3022 727 3085 vel
756 3024 956 3085 centenarius
980 3028 1036 3085 aut
1061 3021 1175 3085 bassus
1197 3027 1304 3084 noster
1329 3029 1384 3085 aut
1411 3021 1528 3104 aliquis
1555 3022 1595 3085 de
1614 3022 1877 3087 ministerialibus
1895 3046 1921 3083 ιι

268 3126 383 3186 nostris
403 3124 557 3187 feramina
577 3131 684 3187 nostra
701 3125 867 3191 furaverit,
896 3126 1025 3188 omnino
1048 3124 1087 3187 ad
1114 3133 1219 3186 nostra
1242 3125 1399 3206 presentia
1418 3123 1633 3207 perducantur
1652 3122 1692 3187 ad
1712 3126 1877 3190 rationem.

268 3225 404 3289 Caeteris
427 3231 533 3288 atatem
561 3226 680 3309 vulgis.
709 3228 763 3309 qni
786 3228 891 3310 ipsum
913 3227 1035 3289 furtum
1058 3226 1097 3289 de
1116 3226 1323 3289 feraminibus
1343 3226 1465 3291 fecerit.
1493 3227 1623 3289 onrnino
1647 3226 1731 3310 quod
1752 3228 1877 3291 iustum

267 3338 315 3390 est
335 3336 506 3411 conponat,
534 3327 781 3411 nullatenusque
809 3330 855 3391 eis
884 3328 1000 3392 exinde
1028 3328 1143 3410 aliquis
1170 3328 1337 3391 relaxetur.
1378 3327 1507 3412 Siquis
1535 3334 1641 3392 autern
1669 3329 1728 3393 hoc
1758 3330 1877 3395 sciente

268 3429 362 3492 alicui
383 3435 609 3513 perpetratum,
638 3432 669 3493 in
691 3450 728 3493 ea
754 3430 902 3494 fidelitate
927 3436 1142 3493 conservatam
1175 3450 1271 3512 qnam
1300 3429 1391 3492 uobis
1412 3431 1626 3514 promiserant
1646 3437 1678 3494 et
1697 3450 1785 3495 nunc
1804 3450 1876 3515 pro-

268 3534 390 3595 mittere
412 3531 540 3597 habent.
561 3532 670 3596 nullus
691 3533 748 3596 hoc
770 3533 870 3596 celare
891 3533 1013 3595 audeat.
1893 3556 1921 3596 aa

367 3635 414 3699 ld.
456 3633 649 3698 Novissimet
672 3636 828 3717 igiturex
849 3633 998 3697 omnibus
1021 3634 1153 3698 decretis
1168 3636 1285 3697 nostris
1300 3624 1553 3718 nosse'cupimus
1565 3636 1599 3697 in
1614 3635 1764 3699 universo
1776 3654 1875 3719 regno

268 3743 374 3799 nostro
395 3748 469 3819 peru
492 3738 605 3801 missos
626 3745 750 3800 nostros
768 3756 855 3800 nram¹
876 3737 1022 3817 directae,
1043 3739 1109 3801 sira
1137 3740 1218 3801 inter
1227 3737 1452 3801 ecclesiasticos
1463 3738 1562 3814 viros,
1583 3738 1761 3821 episcopos,
1781 3736 1877 3802 ahba-

267 3844 327 3902 tes.
346 3837 549 3921 presbiteros,
569 3839 734 3919 (lineantis,
755 3840 936 3919 rammam,
956 3858 1066 3903 onmes
1078 3839 1603 3909 monachossiresanctimoniales,
1624 3838 1761 3924 qualiter
1774 3859 1876 3905 unus-

269 3942 404 4023 quisque
433 3941 465 4002 in
494 3960 589 4003 suurn
616 3941 826 4003 ministerium
848 3941 899 4003 vel
924 3940 1117 4023 professione
1144 3948 1308 4004 nostrumv
1340 3940 1481 4003 bannum
1503 3940 1552 4003 vel
1579 3940 1740 4005 decretum
1761 3940 1877 4007 habeat

268 4052 502 4107 conservatum.
530 4042 579 4104 vel
608 4041 663 4105 ubi
691 4041 814 4106 civibus
837 4061 877 4104 ex
901 4043 949 4104 his
977 4043 1108 4125 dignum
1137 4044 1178 4105 sit
1198 4061 1236 4106 cx
1267 4041 1349 4105 bona
1378 4042 1539 4106 voluntate
1567 4062 1626 4106 sna
1644 4044 1762 4127 gratias
1783 4062 1876 4129 agere
1894 4066 1922 4107 aa

267 4142 318 4206 rel
346 4144 501 4206 adiutoria
523 4144 693 4226 inpendere
715 4144 766 4206 vel
794 4144 850 4207 uhi
871 4144 989 4227 aliquid
1018 4144 1121 4207 adhuc
1149 4146 1189 4207 sit
1209 4146 1405 4208 necessitatis
1426 4145 1602 4208 enreudare.
1643 4144 1745 4211 Simili
1766 4152 1875 4211 antem

269 4245 365 4307 laricos
392 4254 423 4308 et
449 4247 480 4307 in
510 4244 659 4308 omnibns
687 4244 881 4328 ubicumque
908 4246 996 4313 locis.
1027 4248 1053 4309 si
1078 4246 1117 4309 de
1144 4245 1364 4310 mundeburde
1392 4256 1574 4310 sanctorum
1598 4247 1804 4311 ecclesiarum
1825 4246 1875 4311 rel

268 4348 361 4410 etiam
384 4347 553 4410 ridmuum
575 4353 605 4409 ct
626 4347 837 4430 orphanorum
860 4366 917 4410 sen
938 4349 1105 4411 minimum
1128 4349 1304 4431 potentium
1323 4348 1428 4431 adque
1446 4350 1557 4433 rapina
1579 4368 1701 4413 necnon
1724 4349 1764 4413 de
1785 4368 1877 4413 exer-

267 4449 350 4512 citali
375 4448 487 4532 placito
512 4451 669 4519 instituto,
698 4458 729 4512 et
750 4469 845 4532 super
874 4450 951 4532 ipsis
972 4451 1090 4515 eurisis.
1117 4450 1252 4532 qualiter
1276 4457 1460 4533 preceptum
1488 4450 1538 4515 vel
1564 4452 1727 4516 voluntate
1748 4458 1876 4517 bosnae

268 4553 331 4613 sint
352 4550 568 4631 obhedientes,
597 4551 647 4614 vel
673 4553 766 4615 ctiam
789 4552 924 4634 qualiter
944 4551 1086 4615 bammm
1107 4560 1253 4616 nostrum
1274 4552 1387 4616 habeat
1412 4558 1649 4633 conservatum,
1676 4554 1877 4639 qualiterque
1892 4578 1922 4619 aa

269 4671 364 4735 super
391 4655 496 4716 oninia
522 4655 745 4736 uniisquisque
773 4661 930 4717 certamen
961 4652 1073 4717 habeat
1100 4656 1132 4716 in
1163 4664 1270 4717 sancto
1299 4657 1426 4719 servitio
1448 4654 1516 4719 Deo
1537 4656 1678 4738 scipsum
1698 4656 1873 4723 custodire:

270 4762 304 4817 ut
326 4754 382 4817 hec
400 4758 505 4817 omnia
527 4754 610 4818 bona
631 4763 662 4818 et
682 4754 762 4818 benc
779 4757 842 4818 sint
865 4756 904 4819 ad
918 4754 976 4819 llei
998 4757 1220 4839 onmipotentis
1239 4755 1379 4821 laudem.
1400 4764 1432 4820 et
1450 4758 1567 4840 gratias
1586 4756 1774 4837 referamus,
1795 4757 1875 4822 ubi'

270 4856 401 4938 ‹lignnm
429 4864 490 4933 est,
525 4856 579 4920 ubi
609 4866 716 4921 autem
743 4858 863 4941 aliquid
894 4858 1032 4921 inultum
1066 4877 1135 4921 csse
1167 4859 1338 4925 credimus.
1373 4861 1418 4921 sic
1444 4859 1483 4922 ad
1508 4858 1744 4923 emendandum
1778 4878 1875 4923 omne

269 4957 373 5020 stadio
401 4967 431 5019 et
449 4958 610 5022 voluntate
638 4966 796 5023 certamen
821 4959 1007 5029 habeamus,
1043 4967 1078 5022 nt
1103 4980 1176 5023 cum
1200 4959 1257 5023 Dei
1286 4961 1444 5024 rulintorio
1468 4961 1528 5023 hoc
1553 4960 1593 5025 ad
1616 4960 1871 5026 emendationem

369 5186 406 5241 ιιι,
430 5194 460 5239 nt
472 5206 495 5239 r.
577 5186 605 5254 nJ
629 5189 825 5243 dnbitcntnrc.
897 5188 924 5244 οἳ
945 5208 1001 5244 non
1014 5209 1066 5241 aaa
1079 5208 1103 5242 c.
1171 5192 1200 5259 pl
1223 5190 1307 5245 offere
1321 5208 1345 5242 c.
1414 5190 1443 5261 q)
1464 5190 1627 5261 capanea
1641 5208 1696 5243 arro
1707 5191 1876 5245 terrenarum
1893 5210 1922 5249 aa

268 5269 296 5320 ia
309 5284 332 5319 c.
414 5268 437 5319 ri
459 5274 628 5336 prosumatr.
717 5274 737 5333 sj
762 5277 825 5322 nte.
928 5270 949 5337 tl
971 5288 1049 5340 capp.
1061 5270 1106 5323 39.
1116 5269 1154 5323 40
1166 5270 1309 5323 colorarent
1322 5272 1350 5323 ia
1364 5292 1386 5323 c.
1469 5272 1498 5341 n)
1519 5271 1559 5323 ito
1570 5270 1691 5340 eorm&
1704 5273 1759 5340 esr.
1772 5272 1876 5343 σφὼ

270 5348 367 5401 missos
381 5346 460 5400 iussit
475 5347 624 5417 imperator
634 5348 686 5401 sihi
698 5349 876 5404 irmotcsccre.
961 5350 987 5403 v‘.
1011 5357 1103 5405 nostra
1115 5368 1139 5402 c.
1221 5350 1256 5415 w)
1278 5360 1308 5404 nt
1319 5369 1343 5404 c.

372 5562 415 5615 lt*
444 5562 533 5632 Cupit.
546 5562 651 5615 Ilrrrabt.
661 5563 725 5617 779.
739 5582 763 5617 c.
772 5564 816 5620 10.
