4380 6248
830 387 976 444 KABOLI
997 387 1122 444 MAGNI
1143 386 1413 446 CAPITULARIA.
1884 390 1925 451 dil

420 570 524 634 dodae
547 571 816 657 Guelferbytanus
842 594 904 634 aon
932 592 1008 632 raro
1032 580 1189 633 correctus
1212 580 1361 655 apparet:
1381 570 1520 653 pna'manr
1550 569 1706 634 [erubuero
1724 595 1874 635 sartatecta
1898 577 1922 636 1.

316 675 350 736 ia
370 674 454 736 aona
472 671 602 735 ebiberat.
644 673 910 736 Anactata'om'bna
929 694 1011 756 quas
1030 669 1207 755 capitulari
1223 669 1483 755 adtemptatae
1499 695 1561 736 stoa
1583 675 1820 737 cortinaeque-aba
1845 676 1922 736 aral-

315 775 386 838 bere
405 773 464 837 aad
481 775 607 836 carrera
628 775 721 838 verba
740 775 872 837 braaitcr
892 772 1051 857 eripiebam
1072 772 1164 834 nolui.
1446 774 1499 852 (B.
1511 775 1543 853 I,
1563 776 1637 851 3313
1660 774 1697 836 P.
1711 776 1743 854 I,
1768 777 1843 847 181.)

417 934 600 1043 Volumus
622 986 659 1043 ut
679 977 773 1043 villae
795 982 935 1050 noemae,
964 998 1044 1062 quas
1066 978 1104 1041 ad
1133 998 1212 1062 opus
1233 987 1378 1043 nostrum
1400 979 1558 1043 serviendi
1581 981 1741 1043 institutas
1763 981 1926 1057 habemus,

284 1081 378 1146 asub
399 1083 578 1166 integritate
597 1081 740 1165 partibus
761 1082 877 1144 nostris
899 1081 1079 1144 deserviant
1100 1086 1130 1144 et
1153 1100 1217 1143 nou
1239 1081 1310 1144 aliis
1330 1080 1521 1145 hominibus.

416 1185 444 1248 2.
486 1184 529 1249 Ut
548 1183 667 1248 familia
688 1188 796 1247 nostra
816 1182 896 1246 bene
915 1188 1098 1245 conservata
1121 1183 1161 1246 sit
1182 1189 1213 1246 et
1233 1203 1252 1245 a
1273 1184 1401 1246 nemine
1423 1185 1455 1245 in
1476 1191 1659 1266 paupertate
1680 1185 1785 1247 missa.

416 1289 444 1352 3.
486 1286 528 1351 Ut
549 1305 613 1350 non
632 1292 836 1370 praesumant
858 1284 1137 1348 iudices'nostram
1158 1284 1311 1347 familiam
1330 1286 1362 1347 in
1386 1304 1495 1348 eorum
1518 1287 1680 1349 sarmium
1704 1306 1833 1369 ponere,
1862 1308 1924 1351 uon

316 1389 487 1452 coraradasl
509 1408 574 1452 non
594 1388 747 1452 materia2
767 1387 876 1450 oedem
896 1406 956 1450 nec
970 1386 1059 1449 aliud
1077 1406 1158 1469 opus
1175 1386 1235 1449 sibi
1252 1386 1353 1451 facere
1374 1395 1504 1470 cogant,
1525 1393 1556 1450 et
1578 1406 1682 1470 neque
1696 1388 1762 1451 ulla
1783 1389 1864 1452 dona
1886 1390 1925 1452 ab

317 1492 394 1573 ipsis
415 1491 584 1574 accipiant,
610 1510 674 1553 non
696 1488 853 1552 caballum
881 1507 946 1551 non
969 1487 1081 1552 bovem
1101 1507 1166 1551 non
1190 1508 1317 1552 vaccam
1347 1508 1410 1552 non
1440 1508 1571 1572 porcum
1593 1508 1657 1552 non
1681 1489 1837 1554 berbicem
1860 1512 1925 1555 nou

270 1614 296 1650 ιο
316 1591 488 1675 porcellum
514 1611 578 1654 non
605 1591 766 1675 agnellum
794 1610 852 1654 nec
880 1589 974 1653 aliam
1002 1610 1144 1669 cauum,
1172 1592 1234 1654 nisi
1264 1590 1443 1655 buticulas³
1471 1597 1502 1654 et
1524 1594 1661 1670 ortum4,
1688 1611 1798 1674 poma,
1823 1593 1927 1676 pullos

316 1701 347 1757 et
367 1714 435 1757 ova.

416 1799 445 1860 4.
487 1795 521 1860 Si
541 1796 658 1859 tamdia
679 1804 786 1859 nostra
806 1793 949 1878 partibus
970 1795 1086 1857 nostn's
1107 1794 1247 1877 aliquam
1263 1795 1370 1858 fecerit
1385 1794 1530 1857 fraudem
1551 1794 1590 1858 de
1610 1795 1772 1859 latrocinio
1793 1806 1848 1860 aut
1866 1798 1926 1860 alio

318 1898 472 1981 neglecto,
498 1898 577 1961 illud
597 1899 633 1960 in
653 1904 748 1980 caput
768 1897 962 1979 conponat⁵;
992 1897 1030 1960 de
1052 1896 1173 1979 reliquo
1197 1916 1271 1960 vero
1292 1896 1439 1979 prolege
1461 1897 1590 1979 recipiat
1610 1896 1807 1980 disciplinam
1828 1919 1926 1983 vapu-

316 1999 423 2077 lando,
452 2001 513 2063 uisi
535 2005 658 2062 tantum
682 2018 737 2081 pro
759 1997 928 2062 homicidio
951 2006 983 2061 et
1002 1998 1164 2077 incendio,
1194 1998 1279 2061 unde
1300 1997 1433 2061 frauda⁰
1455 1999 1542 2061 exire
1562 2005 1672 2081 potest.
1714 2000 1765 2062 Ad
1787 2000 1926 2083 reliquos

271 2125 298 2162 is
317 2109 422 2165 autem
448 2101 592 2165 homines
618 2102 770 2165 iustitiam
798 2119 925 2179 eorum,
962 2101 1086 2183 qualem
1113 2100 1295 2180 habuerint,
1322 2100 1452 2164 reddere
1481 2100 1643 2175 studeant,
1671 2103 1753 2166 sicut
1785 2103 1836 2167 lex
1865 2112 1924 2171 est:

317 2224 373 2287 pro
392 2203 520 2268 frauda²
542 2223 616 2267 vero
637 2209 758 2282 nostra,
788 2211 824 2265 ut
849 2201 1007 2276 diximus,
1034 2202 1154 2266 familia
1175 2202 1350 2285 vapuletur.
1402 2201 1536 2265 lbancii
1563 2212 1670 2266 autem
1698 2205 1752 2287 qui
1780 2207 1813 2268 in
1841 2206 1925 2269 fiscis

317 2316 373 2370 aut
392 2306 476 2370 villis
497 2306 632 2369 nostrisb
652 2311 869 2377 commanent,
895 2304 1048 2387 quicquid
1069 2305 1298 2383 commiserint,
1319 2304 1496 2367 secundum
1504 2304 1606 2386 legem
1628 2325 1738 2369 eorum
1759 2308 1926 2371 emendare

316 2409 481 2489 stradeant,
501 2415 533 2472 et
552 2408 636 2491 quod
658 2427 714 2491 pro
729 2407 845 2471 frauda
865 2408 1025 2487 dederint,
1045 2407 1086 2470 ad
1104 2427 1184 2490 opus
1202 2413 1347 2470 nostrum
1362 2407 1484 2484 veniat,
1506 2407 1537 2469 id
1559 2413 1606 2471 est
1626 2409 1659 2470 in
1680 2408 1803 2491 peculio
1821 2420 1877 2472 aut
1894 2412 1924 2471 iu

316 2510 378 2574 alio
398 2512 516 2594 praetio
525 2510 547 2573 ⁸.

269 2636 298 2672 aa
414 2615 444 2678 ia.
487 2610 620 2688 Quando
642 2613 762 2675 iudices
774 2613 871 2675 nostri
887 2610 1009 2674 labores
1030 2617 1155 2674 nostros
1169 2611 1271 2674 iacere
1291 2609 1422 2689 debent,
1443 2613 1598 2675 seminare
1613 2622 1667 2676 aut
1687 2632 1789 2682 arare,
1808 2632 1927 2677 messes

315 2714 473 2797 dilligere,
494 2713 604 2778 fenum
625 2732 731 2777 secare
752 2723 807 2777 aut
827 2713 1061 2792 vindeamiare,
1084 2714 1307 2796 unusquisque
1328 2715 1361 2775 in
1382 2713 1649 2796 temporalaboris
1662 2714 1700 2777 ad
1715 2734 1928 2798 unumquem-

316 2836 379 2899 que
401 2816 507 2880 locnm
528 2815 708 2900 praevideat
729 2835 765 2878 ac
786 2817 952 2879 instituere
979 2815 1073 2878 faciat
1101 2816 1259 2898 quomodo
1288 2816 1407 2879 factum
1436 2817 1490 2895 sit,
1518 2822 1554 2880 ut
1575 2815 1653 2880 bene
1675 2816 1762 2879 salva
1782 2819 1853 2880 sint
1894 2819 1926 2880 si

316 2919 399 2982 iutra
419 2920 551 3002 patriam
573 2938 638 2981 non
658 2918 754 2981 fuerit
774 2926 805 2980 et
827 2919 859 2980 in
882 2917 976 3001 quale
996 2916 1065 2980 loco
1086 2917 1184 2980 iudex
1205 2919 1315 2981 venire
1331 2937 1395 2980 non
1416 2919 1571 3001 potuerit,
1593 2919 1728 2980 missum
1750 2917 1870 2982 bonum
1890 2919 1928 2981 de

315 3020 433 3084 familia
462 3026 569 3084 nostra
594 3026 650 3084 aut
677 3019 776 3084 alium
802 3020 963 3083 hominem
993 3018 1072 3083 bene
1100 3019 1254 3083 creditum
1281 3039 1394 3082 caums
1421 3028 1545 3083 nostras
1574 3019 1778 3103 providendi⁰
1805 3019 1927 3103 dirigat,

268 3144 297 3183 aa
316 3123 451 3206 qualiter
471 3123 509 3186 ad
531 3122 704 3206 profectum
723 3122 867 3199 veniant3
889 3128 920 3184 ct
940 3121 1039 3184 iudex
1051 3120 1218 3204 diligenter
1231 3121 1426 3204 praevideat,
1449 3129 1484 3184 ut
1503 3121 1628 3185 fidelem
1644 3122 1803 3185 bominem
1827 3132 1927 3185 trans-

316 3225 418 3289 mittat
438 3225 478 3288 ad
498 3225 580 3287 hanc
600 3244 730 3288 causam
750 3224 985 3307 providendam.

417 3330 444 3393 6.
486 3327 646 3391 Volumus
675 3334 711 3390 ut
738 3328 858 3390 iudices
886 3327 985 3389 nostri
1006 3326 1162 3390 decimam
1189 3327 1339 3389 exomni
1366 3325 1570 3388 conlaboratu
1599 3325 1733 3408 pleniter
1752 3325 1870 3388 donent
1888 3326 1928 3388 ad

316 3429 463 3493 eeclesias
485 3448 567 3512 quae
589 3431 717 3493 suntin
740 3430 855 3492 nostris
876 3427 977 3508 fiscia,
1005 3437 1036 3492 ct
1063 3429 1102 3491 ad
1130 3427 1260 3491 alterius
1290 3428 1453 3492 ecclesiam
1480 3436 1588 3490 nostra
1614 3426 1736 3490 decima
1762 3427 1834 3490 data
1864 3447 1928 3490 non

316 3531 387 3611 liat,
415 3532 476 3595 nisi
497 3531 554 3595 ubi
580 3533 757 3615 antiquitus
778 3533 959 3595 institutum
986 3531 1054 3593 fuit.
1104 3529 1145 3593 Et
1173 3550 1236 3593 non
1265 3530 1318 3592 alii
1346 3530 1450 3594 clerici
1477 3528 1613 3592 habeant
1642 3530 1745 3612 ipsas‘¹
1771 3530 1928 3603 ecclesias,

268 3635 378 3697 anisi
399 3635 497 3697 nostri
518 3640 574 3697 aut
594 3634 633 3697 do
655 3633 772 3697 familia
793 3639 848 3696 aut
867 3633 906 3696 de
926 3632 1046 3716 capella
1069 3639 1183 3695 nostra.

418 3737 443 3799 l.
485 3735 529 3798 Ut
556 3736 780 3818 unusquisque
809 3736 905 3798 iudex
934 3754 1029 3797 suum
1058 3736 1224 3798 servitium
1251 3734 1385 3817 pleniter
1411 3733 1564 3817 perficiat.
1590 3735 1671 3797 sicut
1698 3735 1726 3797 ei
1752 3733 1847 3797 fuerit
1875 3733 1927 3795 de·

317 3839 513 3915 nuntiatum3
543 3838 621 3921 etsi
644 3838 814 3900 necessitas
835 3838 975 3900 evenerit
1002 3837 1086 3918 quod
1108 3837 1179 3918 plus
1205 3837 1323 3900 servire
1345 3835 1472 3913 debeat,
1498 3844 1575 3899 tunc
1596 3846 1767 3919 conputare
1787 3835 1880 3898 faciat
1901 3836 1926 3897 si

317 3941 480 4004 servitium
503 3938 614 4002 dcboat
634 3939 841 4022 multiplicare
862 3939 912 4002 vel
933 3947 1040 4001 noctes
1048 3939 1070 3999 9.

417 4049 444 4104 a.
486 4041 528 4105 Ut
550 4040 669 4104 iudices
692 4042 788 4103 nostri
812 4041 920 4104 vineas
942 4041 1093 4124 recipiant
1115 4048 1255 4118 nostras,
1285 4060 1366 4122 quae
1388 4041 1426 4103 de
1449 4060 1560 4104 eorum
1584 4049 1660 4103 sunt
1681 4040 1869 4107 ministerio,
1898 4047 1928 4100 et

271 4166 298 4204 aa
318 4144 398 4209 bene
419 4163 473 4207 eas
493 4142 609 4206 faciant
635 4149 666 4206 et
686 4143 791 4226 ipsum
821 4143 932 4205 vinum
957 4144 992 4204 in
1019 4141 1102 4205 bona
1129 4143 1255 4204 mittant
1276 4142 1405 4205 vascula
1433 4150 1463 4206 ct
1486 4142 1652 4226 diligenter
1681 4141 1862 4226 praevidere
1883 4140 1928 4201 f-

316 4248 418 4325 ciant,
446 4245 529 4328 quod
552 4244 640 4308 nullo
663 4245 755 4308 modo
777 4245 999 4328 naufragatum
1028 4246 1120 4317 sit¹⁰;
1153 4244 1257 4306 aliude
1284 4263 1359 4306 vero
1387 4245 1518 4307 vinum‘
1545 4244 1702 4327 peculiare
1728 4241 1927 4325 conparando

318 4368 421 4413 emere
446 4347 580 4423 faciant,
609 4346 694 4409 unde
721 4347 813 4409 villas
837 4346 1012 4411 dominicas
1040 4346 1235 4429 condirigere
1263 4348 1393 4430 possint.
1441 4345 1482 4409 Et
1504 4346 1758 4429 quandoquidem
1790 4345 1861 4428 plus
1890 4345 1927 4407 de

319 4452 385 4534 ipso
405 4450 482 4512 vino
509 4456 714 4530 conparatum
741 4446 837 4510 fucrit
865 4447 950 4529 quod
977 4447 1016 4510 ad
1045 4447 1137 4510 villas
1163 4455 1286 4511 nostras
1313 4448 1576 4531 condirigendum
1602 4448 1747 4511 mittendi
1773 4468 1854 4531 opus
1880 4448 1928 4516 sit,

318 4551 410 4616 nobis
431 4553 618 4624 innotescat,
645 4557 680 4612 ut
707 4570 765 4613 nos
786 4550 1047 4613 commendemus
1071 4549 1206 4631 qualiter
1233 4556 1341 4613 nostra
1369 4549 1463 4612 luerit
1484 4549 1598 4612 exindo
1618 4549 1774 4612 voluntas.
1817 4548 1928 4632 Cippa·

271 4674 299 4711 co
318 4655 432 4717 ticos¹¹
454 4653 539 4716 euim
561 4652 599 4714 do
620 4652 721 4714 m'neis
742 4653 858 4714 nostris
879 4651 918 4714 ad
940 4670 1020 4734 opus
1048 4660 1193 4714 nostrum
1216 4653 1340 4715 mittere
1360 4652 1483 4715 faciant.
1527 4649 1628 4714 Censa
1649 4651 1688 4714 dc
1708 4651 1791 4714 villis
1812 4652 1927 4715 nostris

319 4756 505 4838 quirinum
527 4752 657 4832 debent,
679 4753 710 4815 in
733 4752 874 4815 cellariaf
893 4755 1014 4815 nostraf
1033 4754 1144 4816 mittat.

418 4986 446 5055 a)
466 4983 551 5039 faudo
564 5001 588 5035 c.
670 4982 700 5051 b>
720 5000 805 5052 aalma
819 4981 917 5035 bimam
931 4985 1067 5037 ealditune.
1150 4984 1176 5054 e}
1199 4985 1404 5055 prouidendol.
1491 4983 1519 5037 dl
1541 5001 1626 5053 aaapra
1641 4983 1927 5053 liareaimcclarmptum.

318 5066 344 5134 0)
365 5067 420 5121 alio
435 5084 461 5119 u
475 5064 540 5118 uino
551 5063 577 5115 l.
659 5061 685 5128 f>
709 5062 821 5116 cellario
838 5070 932 5117 nostro
944 5064 966 5117 l.

420 5267 448 5337 1)
472 5267 576 5338 Operae
587 5273 720 5334 agrestem
731 5264 994 5335 francop.corvees;
1008 5283 1091 5334 pava.
1102 5267 1290 5322 Frondicnste.
1353 5266 1382 5332 2)
1403 5267 1534 5336 wacta,
1548 5267 1625 5319 silea.
1687 5267 1717 5335 3)
1739 5266 1838 5330 Pctus,
1849 5266 1928 5331 tiua-

272 5384 300 5422 tc
318 5386 376 5437 cop.
389 5365 523 5421 boutcillc
611 5361 641 5431 4)
663 5363 814 5416 Horarum
821 5363 944 5430 fratem
1033 5364 1063 5434 ὃ)
1087 5364 1211 5436 declama
1219 5364 1322 5430 wlcct,
1336 5366 1466 5418 damam
1478 5365 1606 5418 accendet.
1695 5363 1725 5432 6]-
1748 5363 1836 5416 Haud
1848 5364 1927 5415 dadae

315 5461 619 5536 prcsradcaclsrcdo.
684 5458 856 5529 Olmiai.
919 5460 949 5525 8)
973 5461 1033 5531 (syr.
1048 5461 1341 5531 0101003011.
1403 5461 1737 5531 9)Servicuteaaeldiea
1803 5461 1845 5514 10·
1873 5462 1927 5514 De-

314 5562 462 5635 poaaaar,
477 5557 652 5630 promantur.
695 5554 743 5625 ll)
764 5555 899 5627 dbaacoa
915 5559 1224 5630 cep39oem.1¹'iicbser‚
1243 5558 1398 5618 Absenker.

1675 5665 1725 5719 ll*
