4380 6248
866 363 1126 422 CAPITULARIA
1150 368 1327 424 sit-827.
1841 369 1901 434 263

272 534 441 600 ecelesiae
467 544 498 600 et
528 538 644 602 nostris
670 547 701 602 et
727 540 833 603 verius
859 536 1004 604 credatur
1033 550 1064 606 et
1089 543 1272 627 diligentius
1301 553 1517 623 conseretur,
1548 566 1646 610 manu
1674 548 1799 630 propria
1827 548 1901 612 sub-

272 638 477 721 scripsimus
497 650 528 702 et
549 640 636 703 anuli
658 642 757 703 nostri
778 643 984 725 impressione
1006 645 1123 727 signari
1145 647 1307 709 iussimus.

392 739 527 824 Signum
549 739 667 805 Domni
689 741 868 806 Hludowiei
893 747 1086 809 serenissimi
1107 747 1316 831 Imperatoris.

391 840 565 908 Durandus
585 845 738 908 diaeonus
760 846 799 908 ad
820 829 920 909 rie'em
939 846 1125 912 Helisachar
1146 853 1336 934 recognovit.

242 968 255 1006 a
390 941 509 1008 Datum
530 944 690 1009 Kalendas
711 946 891 1026 Ianuarias,
917 969 1001 1013 anno
1023 949 1145 1015 Christo
1167 955 1300 1036 propitio
1321 955 1423 1036 primo
1445 955 1570 1036 imperii
1589 952 1705 1017 Domni
1721 953 1900 1018 Hludowiei

270 1046 426 1128 piissimi
458 1049 612 1130 Augusti,
644 1047 820 1113 Indictione
834 1050 921 1114 VIII.
980 1054 1097 1116 Actum
1126 1056 1321 1138 Aquisgraui
1355 1055 1470 1139 palatio
1504 1057 1589 1139 regio
1624 1058 1657 1118 in
1685 1055 1744 1120 Dei
1772 1058 1901 1121 nomine

270 1145 429 1211 feliciter.
470 1151 583 1214 Amen.

523 1821 1160 1933 133.00NSTITUT10
1213 1824 1667 1935 HLUDOWIOI

631 1989 734 2099 DE
788 1991 1139 2102 HISPANIS
1187 1992 1557 2102 SECUNDA.

961 2188 1225 2266 mmm

391 2383 429 2463 Α
455 2401 587 2465 Chasiro
611 2401 745 2486 (scripit.
774 2401 946 2480 diarmll,
960 2404 1033 2482 321)
1060 2405 1193 2487 almaque
1218 2428 1238 2466 o
1264 2403 1398 2466 Baluzr'o
1424 2403 1509 2466 edita
1533 2415 1580 2466 est
1605 2427 1644 2466 er
1670 2403 1904 2488 arebeiqaalseopa'

287 2510 504 2572 Narbonensis
525 2509 665 2588 credive,
687 2532 767 2593 quas
788 2509 939 2572 editiones
965 2522 1002 2572 ut
1022 2510 1086 2573 ala'e'
1100 2510 1197 2573 otalii
1212 2534 1270 2574 noa
1290 2534 1409 2596 quoque
1436 2512 1539 2574 secreti
1555 2535 1675 2574 suerrus.
1718 2509 1898 2574 Secundum

288 2608 458 2672 Balearica
480 2610 697 2673 emwtr'tutabai
714 2612 747 2673 in
778 2611 882 2674 eorlae'ee
904 2613 1091 2696 alaema'ptaoa
1108 2612 1220 2696 suasae
1246 2613 1385 2676 tradetur:
1419 2612 1488 2676 Hoc
1514 2622 1561 2676 est
1586 2619 1784 2697 praeceptum
1813 2612 1898 2695 quod

288 2711 364 2776 iecit
383 2710 564 2775 Ludovicus
586 2714 754 2796 imperator
775 2713 926 2796 Hispanis
948 2716 1002 2797 qui
1023 2715 1061 2778 ad
1084 2734 1117 2777 se
1136 2715 1344 2798 perfugerant.
1437 2714 1490 2795 (P.
1502 2716 1529 2795 J,
1541 2717 1616 2791 osa
1639 2714 1676 2777 P.
1689 2713 1799 2793 deest.)

242 2989 271 3030 ⁵
389 2928 441 3037 In
473 2975 602 3037 nomiae
631 2971 758 3036 Domini
789 2972 848 3037 Dei
881 2984 911 3037 et
936 2974 1106 3039 Salvatoris
1136 2978 1234 3040 nostri
1263 2976 1336 3040 Iesu
1364 2975 1486 3040 Christi.
1539 2974 1762 3055 illudowius,
1792 2975 1898 3037 divina

289 3076 455 3139 ordinante
475 3076 684 3159 providentia,
704 3075 879 3159 Imperator
899 3079 1075 3160 Augustus.

388 3177 507 3242 Notum
536 3178 577 3242 sit
607 3177 756 3241 omnibus
782 3177 930 3242 fidelibus
957 3189 1082 3243 sanotae
1109 3178 1168 3243 Dei
1195 3180 1345 3244 ecelesiae
1371 3187 1402 3243 et
1429 3179 1558 3254 nostris,
1590 3184 1652 3241 tam
1680 3177 1898 3263 praesentibus

290 3300 386 3363 quam
415 3287 445 3343 ot
470 3280 602 3358 futuris,
634 3299 689 3343 sou
724 3282 818 3343 etianr
848 3281 1085 3345 successoribus
1113 3283 1242 3360 nostris,
1275 3283 1364 3365 quia,
1392 3288 1559 3365 postquam
1587 3279 1739 3364 Hispani,
1772 3281 1827 3363 qui
1860 3280 1898 3343 de

289 3388 440 3466 potestate
450 3381 693 3445 Sanacenorum
705 3401 739 3445 se
753 3381 979 3446 subtraxerunt
998 3389 1028 3445 et
1048 3383 1088 3445 ad
1109 3389 1249 3446 nostram
1271 3403 1327 3447 seu
1346 3384 1497 3466 genitoris
1518 3384 1637 3446 nostril
1659 3381 1754 3445 fidem
1775 3400 1809 3445 se
1823 3400 1897 3444 oon-

242 3505 278 3544 o
290 3485 447 3563 tulerunt,
467 3490 499 3547 et
518 3493 718 3567 praeceptum
738 3485 933 3547 auctorilatis
951 3493 1089 3564 nostrae,
1112 3485 1399 3568 qualiterinreguo
1421 3497 1528 3548 nostro
1547 3504 1621 3547 curn
1641 3485 1707 3547 suis
1728 3482 1897 3546 comitibus

289 3587 518 3650 conversarier
539 3592 682 3649 nostrum
705 3587 868 3649 servitium
891 3606 1038 3670 peragere
1054 3586 1216 3662 deberent,
1238 3586 1373 3651 scribere
1384 3592 1415 3650 et
1436 3588 1481 3649 eis
1496 3586 1571 3649 dare
1584 3586 1771 3664 iussimus²‚
1793 3586 1898 3668 queri-

290 3690 428 3753 moniam
450 3688 547 3771 aliqui
569 3707 610 3751 ex
635 3689 712 3770 ipsis
736 3687 888 3771 Hispanis
917 3690 1033 3751 nostris
1054 3688 1185 3751 auribus
1212 3687 1392 3752 detulerunt
1420 3688 1483 3751 duo
1511 3687 1648 3771 capitula
1675 3689 1896 3751 continentem.

290 3790 433 3867 Quorum
456 3810 558 3853 unum
580 3798 641 3869 est,
665 3789 759 3872 quod,
778 3789 906 3873 quando
929 3791 1024 3854 iidem
1036 3789 1173 3874 Hispani
1196 3793 1228 3853 in
1250 3801 1395 3854 nostrum
1409 3810 1541 3874 regnum
1564 3799 1719 3853 venerunt
1740 3800 1770 3853 et
1791 3789 1895 3853 locum

290 3893 463 3973 desertum,
485 3891 631 3976 quemad
649 3891 854 3955 habitandum
873 3902 1123 3975 occupaverunt,
1145 3911 1200 3976 per·
1222 3902 1423 3976 praeceptum
1446 3892 1552 3954 domni
1574 3902 1605 3955 et
1625 3893 1775 3974 genitoris
1799 3894 1896 3955 nostri

242 4014 323 4058 isac
353 4004 499 4058 nostrum
526 3993 586 4057 sibi
615 4014 650 4057 ac
676 3993 913 4056 successoribus
940 3995 1007 4056 suis
1031 3994 1069 4056 ad
1099 3995 1324 4077 possidendum
1349 3995 1452 4078 adepti
1478 4004 1567 4072 sunt,
1595 3994 1625 4056 hi
1656 3995 1710 4077 qui
1735 3995 1817 4057 inter
1843 4012 1897 4057 eos

290 4098 423 4160 nraiores
443 4105 474 4160 et
493 4097 685 4181 potentiores
705 4105 794 4158 erant
815 4095 854 4157 ad
876 4095 1026 4178 palatium
1053 4098 1234 4176 venienteS,
1263 4098 1323 4180 ipsi
1349 4103 1512 4180 praecepta
1536 4095 1654 4179 regalia
1675 4102 1895 4178 susceperuut:

289 4199 407 4284 quibus
428 4199 582 4281 susceptis
609 4217 662 4261 eos
685 4198 740 4280 qui
769 4196 942 4260 interillos
964 4199 1101 4261 minores
1123 4207 1154 4261 et
1174 4197 1364 4262 infirmiores
1392 4207 1495 4277 erant,
1521 4198 1588 4262 loca
1610 4205 1713 4262 tamen
1737 4218 1796 4262 sua
1817 4197 1897 4261 bene

287 4301 466 4365 excoluIsse
492 4299 695 4377 videbantur,
729 4318 784 4382 per
811 4299 936 4361 illorum
964 4308 1201 4383 praeceptorum
1235 4303 1452 4364 auctoritatem
1478 4309 1534 4363 aut
1558 4302 1686 4383 penitus
1713 4299 1752 4362 ab
1778 4300 1895 4364 eisdem

286 4402 364 4468 leals
384 4402 537 4486 depellere
564 4410 620 4465 aut
646 4402 706 4464 sibi
728 4401 766 4463 ad
793 4403 958 4464 servitium
982 4401 1137 4465 suburere
1163 4403 1266 4465 conati
1293 4413 1378 4466 sunt.
1420 4402 1566 4466 Alterum
1595 4411 1657 4479 est,
1688 4401 1774 4484 quod
1800 4401 1895 4464 slmili

242 4505 382 4569 nmooo
408 4504 447 4568 de
466 4504 621 4588 HIspania
642 4503 835 4579 venientem,
861 4515 891 4566 et
918 4503 957 4565 ad
983 4505 1113 4567 comites
1142 4505 1209 4567 sive
1236 4523 1346 4568 vassos
1374 4511 1499 4567 nostros
1524 4504 1574 4567 rel
1600 4504 1695 4566 etiam
1722 4502 1760 4565 ad
1787 4522 1897 4566 vassos

281 4608 438 4671 comitum
467 4625 502 4670 sa
521 4605 826 4669 commendaverunt
853 4615 883 4668 et
911 4605 949 4667 ad
976 4604 1183 4668 habitandum
1211 4615 1308 4689 atque
1334 4605 1543 4669 excolendum
1568 4604 1690 4668 deserta
1718 4604 1785 4668 loca
1811 4623 1897 4669 aece-

282 4718 417 4792 perunt:
446 4727 541 4791 quae,
569 4707 625 4771 ubi
651 4706 690 4769 ab
712 4709 758 4770 eis
783 4706 909 4769 exculta
931 4717 1020 4786 sunt,
1051 4727 1091 4770 ex
1116 4707 1309 4791 quibuslibet
1330 4706 1550 4771 occasionibus
1573 4725 1627 4770 eos
1648 4706 1722 4770 inde
1742 4706 1897 4790 expellere

281 4821 314 4876 et
343 4810 385 4874 ad
410 4829 491 4894 opus
518 4811 680 4893 proprium
707 4810 841 4872 rotinere
868 4818 923 4870 aut
951 4807 1020 4871 aliis
1047 4817 1174 4892 proptor
1204 4812 1379 4893 praemium
1413 4810 1487 4873 dare
1517 4809 1695 4872 voluerunt.
1754 4807 1896 4884 Quorum

283 4920 438 4977 neutrum
460 4913 581 4975 iustum
602 4923 657 4974 aut
679 4910 863 4974 rationabile
885 4910 976 4974 nobis
997 4931 1066 4974 esso
1088 4911 1219 4975 ridetur.
1260 4911 1301 4974 Et
1326 4911 1395 4975 ideo
1419 4931 1474 4995 per·
1499 4912 1580 4974 hanc
1607 4921 1733 4974 nostrae
1752 4930 1897 4995 praecep-

242 5015 383 5079 ustionis
410 5015 626 5077 anctoritatem
654 5014 854 5076 deceruimus
881 5022 976 5095 atque
1004 5013 1169 5093 iubemus,
1197 5021 1231 5076 ut
1259 5015 1306 5091 hi,
1334 5015 1389 5096 qui
1420 5014 1470 5077 rel
1490 5019 1635 5076 nostrum
1661 5012 1710 5075 rel
1732 5012 1840 5075 domui
1866 5022 1896 5075 et

285 5116 440 5200 genitoris
459 5117 557 5178 nostri
579 5125 780 5199 praeceptum
802 5117 941 5198 accipere
962 5125 1162 5194 meruerunt,
1184 5116 1243 5178 hec
1271 5116 1356 5199 quod
1384 5116 1442 5199 ipsi
1465 5134 1539 5177 cum
1567 5115 1634 5178 suis
1655 5114 1837 5177 hominibus
1858 5115 1896 5178 de

286 5220 411 5282 deserto
438 5216 647 5280 excoluerunt
674 5237 730 5300 per
757 5226 894 5280 nostrum
922 5220 1156 5280 concessionem
1183 5216 1325 5280 habeant.
1375 5217 1493 5280 Caeteri
1521 5235 1593 5280 vero
1620 5218 1676 5300 qui
1703 5217 1795 5280 simul
1822 5236 1895 5280 cum

388 5518 418 5591 l)
440 5517 728 5591 CJr.sa1rroCup.ib.
835 5518 864 5568 ‘2⁸3
891 5517 948 5584 (Jfr.
961 5517 1065 5568 emistis
1081 5518 1115 5569 (le
1131 5515 1339 5587 llealmnaalo.
1449 5516 1479 5571 3l
1501 5516 1569 5581 ‘Qui
1580 5526 1677 5588 postca
1690 5519 1844 5586 venerunt‚'
1866 5527 1897 5571 ut

285 5615 365 5689 infla
375 5616 489 5673 dicitu·-

1644 5711 1696 5765 342
