4380 6248
267 382 330 445 ‘28⁸2
929 379 1154 438 llLUDOWICl
1176 380 1230 436 PII

372 563 400 626 5.
441 558 497 624 De
521 560 677 623 homino
698 556 893 641 publicam
915 557 1205 640 paenitentiam
1225 561 1363 639 agente
1383 553 1608 618 interiecto.
1640 550 1702 628 Qui
1725 552 1882 615 homiuem

275 663 435 743 publicam
464 662 687 746 paenitentiam
716 665 862 742 agentem
892 657 1094 731 irrteriecerit,
1130 657 1273 721 bannum
1306 662 1450 721 nostrum
1483 657 1518 719 in
1548 655 1641 739 triplo
1672 659 1831 737 conponat
1856 664 1884 715 et

274 766 471 849 wirgildumr
492 765 561 827 eius
583 762 737 845 proximis
759 761 844 824 eiusr
865 761 1029 843 persolvat.

375 870 401 931 6.
443 866 492 930 Ut
522 866 650 927 omnis
679 864 791 926 homo
819 861 922 924 liber
956 868 1191 945 potestatem
1228 861 1386 940 haheat,
1421 860 1665 943 ubicumque
1695 858 1884 935 voluerit,

271 990 332 1034 res
349 990 445 1033 suas
467 969 559 1030 dare
579 986 646 1050 pro
668 965 801 1029 salute
821 965 972 1028 animae
993 983 1097 1028 suae.
1152 964 1184 1027 Si
1208 965 1280 1048 quis
1301 983 1351 1028 res
1371 984 1446 1027 suas
1464 982 1520 1047 pro
1541 961 1644 1026 salute
1665 962 1795 1024 animae
1811 978 1885 1023 suae
1905 972 1917 1011 ⁵

272 1072 323 1135 vel
345 1072 383 1135 ad
406 1071 545 1153 aliquem
569 1068 780 1133 venerabilem
803 1067 909 1131 locum
931 1067 979 1131 rel
1001 1068 1178 1150 propinquo
1193 1086 1252 1130 suo
1273 1067 1324 1139 rel
1337 1064 1468 1129 cuilibet
1487 1064 1576 1128 alteri
1597 1063 1722 1128 tradere
1742 1062 1885 1135 uoluerit,

269 1181 306 1236 et
329 1192 366 1236 eo
388 1182 527 1255 ternpore
554 1173 637 1234 iutra
662 1171 767 1254 ipsum
794 1171 979 1232 comitatum
1007 1169 1102 1232 fuerit
1123 1170 1158 1232 in
1179 1189 1243 1252 quo
1270 1188 1322 1233 res
1348 1169 1420 1232 illae
1447 1168 1567 1252 positae
1594 1173 1687 1245 sunt,
1714 1165 1884 1249 legitimam

275 1275 474 1337 traditionem
498 1273 599 1336 facere
612 1272 766 1335 strrdeat5.
807 1269 925 1346 Quodsi
948 1272 1058 1334 eodem
1072 1279 1211 1355 ternpore
1232 1290 1295 1354 quo
1317 1271 1387 1334 illas
1406 1269 1529 1333 tradere
1548 1268 1618 1332 vult
1639 1274 1732 1331 extra
1750 1266 1885 1329 eundem

271 1377 458 1439 comitatum
479 1375 589 1452 fuerit,
617 1374 647 1436 id
677 1383 724 1436 est
745 1375 812 1436 sire
836 1374 867 1434 iu
890 1375 1031 1436 exerc-itu
1053 1375 1174 1438 sivein
1196 1374 1311 1457 palatio
1336 1374 1456 1437 sivein
1476 1372 1538 1435 alio
1559 1370 1701 1455 quolibet
1727 1370 1810 1444 loce,
1834 1368 1886 1431 ad·

273 1477 379 1542 hibeat
401 1478 461 1541 sibi
486 1477 535 1539 rel
562 1477 602 1539 de
630 1478 698 1539 suis
721 1475 914 1558 pagensibus
942 1476 992 1539 rel
1017 1476 1056 1539 de
1084 1475 1154 1539 aliis
1181 1477 1236 1558 qui
1264 1476 1374 1539 eadem
1402 1475 1471 1559 lege
1490 1476 1601 1537 vivant
1620 1493 1685 1557 qrra
1714 1474 1783 1556 ipse
1809 1472 1920 1533 riritra

271 1586 368 1643 testes
389 1578 533 1657 idoneos,
555 1578 602 1641 rel
625 1579 650 1640 si
673 1578 743 1662 illos
764 1576 879 1640 habere
899 1596 964 1640 nou
980 1579 1127 1660 potuerit,
1148 1583 1225 1641 tuuc
1244 1577 1283 1642 de
1295 1578 1365 1641 aliis
1386 1577 1497 1661 quales
1516 1575 1560 1639 ihi
1581 1575 1730 1639 meliores
1750 1573 1885 1637 inveniri

271 1683 409 1765 possiut;
437 1689 468 1744 et
489 1700 594 1743 coram
615 1681 661 1743 eis
689 1699 795 1742 rerum
816 1700 948 1743 suarum
969 1680 1169 1743 traditionem
1195 1680 1289 1743 iaciat
1309 1687 1341 1744 et
1359 1680 1561 1745 fideiussores
1587 1678 1762 1741 restitruae
1786 1674 1887 1749 donet,

273 1785 329 1867 qui
353 1785 380 1846 ei
404 1784 459 1864 qui
488 1782 572 1845 illam
603 1782 803 1846 traditionem
830 1783 942 1865 accipit
971 1784 1155 1845 vestituram
1179 1782 1281 1847 iaciat.
1328 1781 1369 1846 Et
1392 1788 1561 1866 postquam
1586 1781 1664 1844 lraeo
1690 1778 1819 1843 traditio
1845 1778 1885 1839 itu

272 1887 355 1949 facta
375 1886 483 1961 fuerit,
513 1885 603 1948 heres
627 1884 713 1947 illius
734 1884 856 1948 nullam
876 1885 915 1948 de
937 1885 1104 1968 praedictis
1125 1884 1221 1949 rebus
1242 1884 1345 1949 valeat
1368 1884 1470 1947 fecere
1496 1884 1729 1967 repetitionem
1758 1882 1887 1963 insuper

272 1995 304 2050 et
326 1989 393 2069 ipse
412 2005 469 2069 per
490 2006 523 2049 se
543 1987 814 2050 fidemiussionem
835 1987 929 2050 faciat
948 1987 1091 2050 eiusdem
1113 1987 1299 2067 vestiturae,
1320 2005 1361 2050 ne
1380 1986 1486 2051 heredi
1506 1984 1571 2049 ulla
1581 1985 1704 2049 oooasio
1725 1988 1922 2047 remaneatis

275 2089 355 2151 hanc
375 2089 575 2152 traditionem
598 2089 790 2166 inmutandi,
810 2088 865 2152 sed
886 2090 992 2173 potius
1011 2091 1182 2154 necessitas
1193 2088 1357 2153 incumbat
1370 2088 1458 2151 illam
1470 2086 1661 2172 perficiendi.
1701 2084 1744 2149 Et
1765 2086 1887 2148 sinon·

272 2192 350 2254 duur
371 2210 421 2255 ros
452 2212 527 2254 suas
547 2212 621 2255 cum
644 2191 868 2255 coheredibust
896 2193 964 2255 suis
983 2192 1101 2254 divisas
1126 2191 1250 2268 habuit,
1277 2209 1342 2254 non
1371 2192 1400 2254 ei
1426 2190 1485 2254 hoo
1505 2191 1547 2253 sit
1573 2188 1806 2273 iupedimento;
1833 2186 1885 2250 sed

271 2294 401 2357 coheres
423 2295 507 2373 elue,
530 2295 555 2355 si
578 2302 688 2376 sponte
710 2293 859 2371 noluerit,
888 2300 943 2355 aut
963 2312 1018 2376 per
1039 2294 1185 2357 comitem
1207 2303 1262 2356 aut
1283 2312 1339 2377 per
1358 2293 1494 2356 missum
1514 2293 1584 2356 eius
1605 2290 1829 2373 distringatur,
1852 2298 1886 2351 ut

271 2396 462 2459 divisionem
485 2414 559 2458 crrnr
585 2395 637 2459 illo
658 2396 766 2473 faciat,
790 2395 830 2458 ad
856 2415 952 2477 quem
973 2395 1141 2458 defunctus
1162 2395 1365 2459 hereditatem
1387 2414 1480 2459 suam
1510 2393 1611 2457 voluit
1635 2393 1810 2477 peruenire.
1847 2390 1887 2455 Et

272 2499 300 2561 si
323 2496 453 2560 cuilibet
473 2498 622 2561 eeclesiae
644 2518 713 2561 eam
736 2497 857 2561 tradere
878 2499 1013 2581 rogarit,
1041 2498 1169 2562 coheres
1197 2499 1267 2562 eius
1294 2516 1365 2561 eam
1393 2497 1493 2581 legem
1515 2516 1589 2561 cnm
1618 2496 1671 2560 illa
1691 2495 1828 2559 eeclesia
1848 2493 2008 2559 det-nt

274 2600 433 2683 praedicta
454 2600 625 2663 hereditate
646 2599 770 2671 habeat,
799 2620 895 2682 quam
916 2620 990 2662 eum
1014 2599 1075 2662 alio
1101 2600 1253 2664 coherede
1279 2620 1337 2664 suo
1358 2599 1474 2664 habere
1495 2598 1635 2663 debebat.
1678 2596 1721 2661 Et
1748 2598 1808 2661 hor
1833 2596 1887 2659 ob

276 2710 420 2764 serretur·
442 2720 517 2784 erga
537 2711 656 2784 patrem
678 2707 708 2766 et
729 2702 830 2765 filium
852 2710 883 2763 et
902 2710 1044 2784 nepotem
1068 2701 1229 2784 usquead
1252 2720 1353 2764 annos
1366 2700 1536 2785 legitimos;
1559 2707 1666 2785 postea
1681 2702 1771 2785 ipsae
1785 2698 1885 2763 resad

276 2804 497 2867 inmunitatem
519 2804 619 2886 ipsius
640 2803 789 2867 ecclesiae
811 2804 946 2867 redeant.

377 2906 403 2968 ἵ.
446 2904 499 2968 Dc
521 2906 756 2969 homicidiis
778 2905 1044 2988 prohibendis.
1086 2904 1288 2988 Quicumque
1309 2905 1470 2969 hominem
1491 2916 1547 2969 aut
1567 2924 1607 2969 ex
1629 2905 1692 2969 leri
1715 2924 1814 2968 causa
1833 2912 1888 2967 aut

275 3008 346 3070 sine
365 3027 462 3069 cansa
484 3006 687 3085 interfecerit,
720 3007 900 3089 wirgildum
928 3008 997 3071 eius
1019 3008 1068 3070 his
1089 3008 1129 3070 ad
1150 3026 1231 3091 quos
1258 3007 1309 3070 ille
1336 3009 1470 3090 pertinet
1496 3013 1661 3091 conponat.
1708 3004 1785 3091 lpse
1814 3022 2008 3071 seron·

274 3117 402 3192 propter·
423 3109 517 3171 talem
534 3109 819 3192 praesumptionerrr
843 3110 874 3171 irr
898 3109 1029 3172 exilium
1047 3111 1206 3189 mittatur,
1226 3109 1264 3172 nd
1287 3117 1443 3192 quantum
1465 3119 1590 3192 tempus
1613 3108 1706 3173 uobis
1718 3108 1886 3193 placuerit:

276 3211 347 3273 res⁶
371 3217 476 3274 tamen
499 3232 573 3273 suas
596 3230 661 3273 nou
683 3212 812 3273 amittat.

376 3314 404 3375 tl.
427 3310 527 3386 Quid
551 3314 892 3396 incompositione
917 3313 1096 3397 wirgildi
1125 3313 1207 3376 dari
1230 3333 1304 3376 uon
1326 3312 1469 3377 debeat.
1519 3312 1556 3376 Iu
1578 3312 1798 3395 conpositione
1817 3312 1889 3375 wir·

273 3413 352 3495 gildi
373 3413 523 3477 volumus
546 3424 580 3477 ut
606 3435 643 3478 ea
664 3415 779 3479 deutur
800 3434 882 3498 quae
910 3418 941 3477 irr
965 3415 1052 3499 legel
1073 3417 1289 3491 continentur,
1316 3422 1447 3499 excepto
1467 3417 1614 3499 accipitre
1633 3421 1666 3479 et
1687 3422 1792 3499 spata.
1814 3418 1888 3501 quia

275 3522 404 3598 propter
424 3515 477 3578 illa
497 3516 561 3579 duo
583 3517 752 3601 aliquoties
774 3518 949 3600 periurium
972 3519 1185 3596 conmittitur,
1214 3518 1342 3600 quando
1371 3518 1498 3581 maioris
1517 3518 1608 3601 pretii
1630 3537 1727 3601 quam
1751 3518 1805 3582 illa
1826 3520 1890 3582 siut
1922 3530 2008 3573 Μ

275 3636 345 3679 esse
365 3618 518 3681 iurantur.

379 3722 406 3783 ll.
448 3718 504 3784 lle
532 3728 643 3804 raptu
669 3721 912 3785 alienarumt
939 3741 1186 3806 sponsarum.
1242 3723 1275 3787 Si
1303 3724 1376 3807 quis
1402 3742 1551 3807 sponsam
1583 3724 1719 3787 alienam
1750 3724 1890 3808 rapuerit

275 3830 352 3884 autu
374 3823 454 3903 patri
475 3823 564 3886 oius¹¹
586 3829 642 3886 aut
663 3825 713 3887 ei¹¹
737 3825 791 3906 qui
813 3823 937 3907 legibus
959 3826 1029 3887 eius
1052 3824 1198 3888 defensor
1218 3844 1287 3889 esse
1308 3824 1413 3899 debet,
1438 3845 1514 3889 cum
1534 3846 1593 3889 sua
1614 3825 1684 3909 lege
1704 3838 1801 3889 eam⁰
1821 3826 1892 3889 red-

277 3922 342 4001 dat,
364 3933 395 3986 et
418 3924 569 4007 quicquid
592 3945 722 3988 cumea
745 3926 864 4003 tulerit,
891 3927 1035 3989 semotim
1058 3946 1320 4010 unamquamque
1340 3946 1407 3991 rem
1429 3926 1606 3991 secuudum
1627 3927 1731 4011 legem
1752 3928 1894 3993 reddat!l

277 4023 317 4088 lit
328 4026 355 4087 si
378 4026 436 4088 hoc
449 4025 594 4089 defensor
605 4028 674 4090 eius
686 4028 855 4110 perpetrari
867 4029 1062 4091 consenserit
1074 4034 1104 4092 et
1125 4027 1213 4091 ideo¹¹
1235 4030 1351 4113 raptori
1363 4028 1440 4092 nihil
1456 4048 1607 4113 quaerere
1620 4029 1768 4109 voluerit,
1785 4032 1993 4095 comest*

278 4128 482 4209 singulariter
501 4128 539 4191 de
562 4147 754 4211 unaquaque
783 4148 816 4192 re
842 4129 927 4192 freda
952 4136 1058 4193 nostra
1083 4128 1123 4191 ab
1153 4148 1190 4192 eo
1216 4136 1360 4194 exactare
1385 4131 1485 4194 faciat.
1534 4130 1657 4215 Sponsa
1686 4149 1765 4197 vero
1790 4132 1887 4217 legem

277 4248 371 4292 suam
393 4238 560 4313 componat
582 4237 612 4293 ot
632 4231 764 4313 insuper
791 4230 932 4294 bannum
961 4237 1123 4305 nostrum,
1148 4232 1180 4294 id
1208 4242 1256 4295 est
1283 4234 1449 4315 sexaginta
1474 4232 1608 4313 solidos,
1634 4232 1753 4313 solvat,
1779 4235 1831 4300 vel
1857 4236 1885 4297 iu

279 4332 488 4412 praesentiam
513 4338 650 4393 nostram
675 4350 781 4393 eomes
801 4350 875 4395 eum
896 4331 1046 4397 advenire
1070 4333 1176 4409 faciat,
1204 4340 1235 4397 et
1261 4342 1380 4418 quanto
1409 4342 1549 4418 tempore
1570 4333 1662 4399 nobis
1683 4334 1838 4420 placuerit
1856 4338 1883 4400 in

278 4432 375 4495 exilio
397 4441 523 4495 mancat
543 4441 573 4494 et
595 4433 679 4495 illam
701 4433 849 4495 senriuam
873 4435 899 4497 ei
923 4434 1037 4499 habere
1058 4455 1122 4498 nou
1145 4436 1265 4500 liceatl.

379 4537 424 4597 lo.
468 4532 521 4597 Ile
552 4533 667 4598 falsis
698 4534 871 4598 testibus
898 4538 1201 4601 convincendis.
1251 4540 1321 4603 sir
1352 4540 1425 4622 quis
1455 4560 1529 4603 cum
1559 4539 1657 4603 altero
1688 4540 1729 4605 de
1750 4540 1915 4625 qualihetu

280 4653 377 4697 causa
398 4638 631 4700 contentionem
653 4636 813 4712 habuerit,
834 4647 864 4700 et
885 4645 980 4701 testes
1000 4648 1108 4702 contra
1129 4658 1204 4703 eum
1224 4660 1280 4724 per
1301 4641 1454 4705 iudicium
1466 4640 1610 4726 produc-ti
1631 4640 1769 4722 luerint,
1789 4644 1818 4707 si
1838 4642 1886 4707 ille

380 4922 404 4991 r)
415 4923 613 4994 grrirlrigilrlum
624 4924 649 4975 ei
663 4924 698 4977 ad
707 4925 847 4994 proxirrros
854 4932 982 4995 paruitas
993 4925 1036 4979 la.
1048 4925 1092 4979 ts.
1192 4925 1217 4994 s)
1227 4926 1432 4997 (proheredibus
1440 4927 1889 5003 lricetaa'mr‘lr'terr‘nsrawmplrrm

283 5002 367 5053 codd.
428 5012 453 5067 tl
474 5003 590 5056 aliarum
603 5004 626 5057 l.
637 5003 662 5055 5.
741 5006 771 5063 u)
792 5005 899 5059 durati.
911 5006 1034 5059 13-15.

382 5246 411 5311 5)
437 5246 497 5314 (ffr.
510 5248 577 5318 Cup.
587 5248 636 5317 lep.
646 5252 714 5301 odd.
725 5249 781 5303 803
791 5248 839 5321 (C.
849 5244 913 5314 39),
929 5270 953 5303 e.
964 5252 988 5304 6.
1080 5253 1109 5321 a)
1129 5252 1395 5325 CJr.115ulpn·.c.‘2(l.
1490 5252 1519 5321 7)
1539 5252 1887 5325 hyr-&Rfflmffilh

280 5344 311 5405 a>
335 5343 397 5412 hyr.
406 5344 537 5413 Iera-lupi.
547 5354 572 5397 et
585 5346 684 5399 ll’rrr'u.
695 5347 740 5401 46.
799 5348 828 5415 ir,-
850 5348 909 5417 Cfr.
922 5347 1090 5420 Capsecclca.
1099 5353 1296 5419 ‹nomeumqa
1307 5350 1432 5406 22-24.
1495 5350 1543 5421 10)
1558 5352 1704 5423 Περσων
1710 5354 1888 5427 hoempnl‘ule

279 5441 816 5515 equollladorrr'rr‘mueapmp.268,‹·.1
829 5447 940 5499 ecditiam.
972 5447 1455 5519 blachemauteoreuotaaarpumenlo
1463 5448 1920 5523 augustimum-amida
1998 5454 2008 5477 ⁴

279 5536 1887 5621 ‹rahrr‘(aupropop.‘27!l)rerbar'rrlroceopa'le:cuiusconpoaitionis...commeenteutionibueinpomtumudfin

279 5642 378 5695 medan
387 5644 485 5696 carim.-
500 5642 528 5697 Si
538 5652 631 5699 tamen
641 5644 850 5699 corrtentiorell.
