4380 6248
270 367 327 429 110
781 367 925 423 Kanum
948 368 1074 424 MAGNI
1096 366 1366 425 CAPITULARIA

370 552 397 612 1.
440 547 547 611 Primo
570 549 705 632 qualitor
727 550 950 632 unusquisque
972 548 1221 621 aeclesiasticus,
1249 550 1317 612 sive
1338 549 1505 633 episcopus
1524 566 1583 613 seu
1603 547 1703 613 abbas
1724 548 1776 613 vel
1796 568 1881 633 pres-

267 651 349 716 biter
370 670 544 734 omnesque
572 652 716 714 canonici
737 650 787 715 rel
815 652 975 729 monachi,
1003 671 1099 715 suum
1127 650 1263 715 habeant
1288 650 1430 714 officium
1456 656 1696 735 praeparatum,
1720 650 1880 737 quidqueb

267 755 448 838 neglectum
468 753 585 837 quidve
606 754 819 817 emendationi
839 753 1049 836 condignum,
1076 759 1112 816 ut
1132 754 1178 816 ἰεῦ
1207 754 1264 836 qui
1284 751 1365 817 bene
1385 754 1510 816 noverit
1528 752 1671 817 officium
1692 772 1791 819 suum
1810 774 1881 837 gra·

266 858 328 920 tias
350 856 466 919 exinde
487 854 600 918 habeat
627 862 657 919 ct
684 856 718 918 in
746 855 860 919 melius
888 874 1013 939 semper
1035 853 1186 939 proficere
1212 855 1379 933 suadetur;
1412 855 1468 939 qui
1495 860 1603 920 autem
1628 854 1802 939 neglegens
1826 862 1881 919 aut

270 958 447 1023 desidiosus
469 958 543 1021 inde
565 958 616 1032 fit,
641 958 798 1042 condigna
824 957 1035 1022 satisfactione
1059 975 1163 1039 usque
1189 956 1230 1019 ad
1250 956 1503 1021 emendationem
1529 975 1704 1041 congruam
1724 957 1880 1021 oonstn'n·
1910 984 1924 1025 s

265 1067 368 1146 gatar.

370 1164 398 1227 2.
442 1161 647 1244 Qualiterque
672 1159 836 1244 presbiteri
862 1160 1000 1244 psalmos
1025 1160 1189 1242 habeant,
1204 1161 1404 1245 qualiterque
1429 1180 1562 1227 cursum
1586 1180 1685 1226 suum
1705 1162 1775 1226 sive
1794 1160 1881 1225 diur-

268 1286 349 1329 num
370 1265 419 1329 rel
441 1272 634 1327 nocturnum
655 1262 826 1346 adimplere
847 1262 1022 1326 secuudum
1042 1262 1225 1326 Romanum
1245 1283 1343 1327 usum
1363 1264 1553 1348 prevaleant.

368 1369 397 1432 3.
441 1366 604 1442 Quomodo
625 1365 840 1429 catecuminos
861 1365 900 1428 de
920 1364 982 1428 lide
1003 1365 1173 1428 christiana
1193 1366 1350 1429 instruere
1370 1365 1508 1445 soleant,
1527 1384 1565 1429 ac
1585 1364 1700 1429 deinde
1720 1364 1880 1449 quomodo

267 1472 381 1533 missas
402 1468 553 1553 speciales
574 1468 641 1531 siro
661 1486 718 1550 pro
740 1466 896 1531 defunctis
916 1466 969 1529 vel
997 1468 1091 1530 etiam
1117 1486 1174 1550 pro
1199 1468 1283 1531 vivis
1310 1469 1413 1531 sciant
1437 1472 1633 1533 commutare
1652 1466 1881 1531 rationabiliter
1897 1492 1922 1533 a

268 1572 446 1637 secundum
468 1578 640 1653 utrumque
662 1588 776 1633 sexum
798 1570 865 1632 sive
886 1570 919 1631 in
940 1567 1094 1651 singulari
1115 1588 1249 1632 numero
1270 1570 1392 1633 sivein
1412 1568 1537 1652 plurali

369 1676 396 1739 4.
438 1672 588 1736 Similiter
608 1678 638 1734 ot
664 1672 699 1733 in
727 1671 869 1733 doctrina
893 1669 1084 1754 populorum
1112 1678 1144 1732 et
1168 1671 1202 1732 in
1229 1670 1332 1734 officio
1359 1670 1561 1755 praedicandi
1593 1689 1718 1735 necnon
1747 1676 1779 1734 et
1805 1690 1879 1734 cou-

268 1777 405 1840 lessione
424 1780 641 1858 peccatorum,
663 1772 798 1855 qualitor
818 1791 871 1835 eos
892 1790 985 1855 agere
1006 1771 1152 1853 doceant,
1181 1772 1317 1855 qualiter
1336 1774 1382 1837 cis
1402 1772 1578 1837 remedium
1598 1778 1801 1857 peccatorum
1822 1774 1880 1837 im·

268 1897 385 1961 ponere
404 1878 505 1940 sciant
526 1874 575 1938 vel
596 1875 790 1958 procurent.

367 1983 395 2046 o.
437 1978 539 2062 Super
558 1978 665 2040 omnia
685 1984 792 2039 autem
814 1976 852 2039 de
875 1994 986 2039 eorum
1006 1976 1244 2040 conversatione
1270 1982 1301 2041 ct
1325 1977 1481 2053 castitate,
1509 1976 1669 2060 quomodo
1695 1976 1830 2041 formam
1850 1984 1880 2041 et
1895 2005 1920 2045 u

267 2083 450 2167 exemplum
471 2078 617 2164 praebeat
637 2078 823 2142 christianis.

372 2186 399 2250 6.
442 2181 607 2257 Quomodo
629 2178 830 2244 oboedientes
851 2181 914 2244 sint
935 2181 1089 2264 episeopis
1110 2181 1194 2261 suia,
1224 2201 1287 2263 qua
1312 2182 1503 2245 verecundia
1531 2186 1562 2245 et
1582 2198 1659 2264 pace
1681 2180 1732 2245 rel
1753 2180 1880 2245 caritate

267 2290 350 2351 inter
370 2305 403 2350 so
424 2286 560 2347 invicem
581 2283 699 2345 vivant.

751 2417 1393 2518 Reliquopopulo.

370 2569 396 2632 i.
437 2566 478 2629 Et
507 2571 544 2629 ut
569 2565 670 2627 sciant
699 2564 862 2647 episcopos
889 2582 965 2626 suos
995 2564 1046 2646 pia
1075 2563 1288 2627 sollicitudine
1317 2563 1377 2627 sibi
1404 2564 1567 2628 humiliter
1592 2584 1738 2649 praeesse
1759 2563 1881 2643 debere,
1896 2594 1922 2635 ao

270 2690 333 2734 nun
355 2669 554 2750 tyrannicam
575 2668 608 2729 in
629 2667 693 2729 eisP
715 2685 748 2729 se
770 2665 930 2728 vindicare
950 2666 1137 2748 potentiam,
1161 2666 1216 2729 sed
1232 2667 1289 2729 ita*
1320 2674 1354 2730 ut
1375 2666 1519 2731 subditos
1539 2668 1633 2731 suos¹
1651 2666 1713 2731 sibi
1734 2667 1882 2731 oboedire

268 2775 413 2856 cupiant,
440 2772 485 2833 ita
506 2770 600 2833 etiam
621 2774 652 2831 et
679 2769 738 2850 ipsi
764 2767 895 2831 sollicito
922 2786 1033 2831 cavere
1054 2769 1254 2851 procurentl,
1283 2788 1324 2831 ne
1345 2769 1462 2833 iniuste
1487 2769 1626 2852 aliquem
1645 2768 1698 2833 vel
1717 2768 1881 2833 iracundia

269 2873 419 2937 commoti
440 2869 561 2953 absque
588 2871 710 2933 ratione
736 2868 875 2952 affligere
902 2869 1053 2949 audeant,
1076 2868 1130 2933 sed
1152 2876 1314 2934 consortes
1340 2890 1452 2935 eorum
1477 2891 1512 2936 se
1537 2890 1607 2937 esse
1626 2871 1828 2937 considerent
1851 2880 1882 2936 et

269 2976 371 3058 magis
392 2972 506 3037 debent
527 2972 654 3035 studere
675 2990 780 3035 amaro
801 2990 898 3053 quam
920 2972 1038 3035 timore.

368 3084 395 3141 a.
437 3073 559 3139 Deinde
579 3082 779 3157 praeceptum
803 3082 863 3153 est,
885 3073 923 3137 de
943 3074 1006 3137 fide
1027 3094 1085 3137 sua
1104 3074 1239 3157 pleniter
1254 3095 1518 3160 unumquemque
1531 3076 1728 3155 exannnare,
1748 3076 1883 3160 qualiter
1897 3106 1923 3145 aa

268 3179 319 3243 vel
341 3179 399 3262 ipsi
421 3178 549 3241 credant
570 3177 620 3240 rel
641 3175 719 3240 ulios
740 3176 866 3239 credero
886 3176 1025 3239 doceant.

368 3284 397 3345 9.
439 3279 590 3343 Similiter
621 3286 651 3341 et
678 3280 852 3342 orationem
879 3278 1071 3341 dominicam
1106 3278 1265 3362 quomodo
1294 3279 1492 3363 intellegaut3
1522 3286 1553 3344 et
1578 3280 1680 3364 ipsam
1706 3282 1882 3346 orationem

268 3383 317 3446 rel
348 3380 485 3462 symboli
513 3400 644 3444 sonsum
672 3379 805 3462 pleniter
834 3380 972 3458 discant,
1006 3390 1037 3443 et
1063 3379 1191 3445 sibimet
1220 3381 1298 3464 ipsis
1324 3381 1426 3446 sciant
1451 3387 1483 3445 et
1508 3382 1578 3447 aliis
1604 3382 1769 3448 insinuare
1793 3401 1882 3467 prae·

267 3484 403 3547 valeant.

372 3589 416 3650 10.
459 3584 502 3647 Ut
522 3602 660 3647 canones
681 3590 711 3646 et
733 3582 849 3646 librum
880 3584 1066 3667 pastoralem
1093 3603 1218 3647 necnon
1242 3589 1274 3648 ot
1299 3584 1452 3649 homelias
1477 3585 1517 3650 ad
1542 3586 1754 3652 eruditionem
1774 3586 1881 3673 populi
1898 3614 1925 3655 aa

268 3686 381 3751 diebus
402 3686 536 3769 singulis
557 3686 762 3749 festivitatum
784 3686 1022 3769 congruentiam
1044 3686 1172 3749 discant

373 3792 415 3852 ll.
458 3787 501 3851 Ut
522 3787 630 3849 nullus
651 3793 764 3851 tonsus
786 3789 855 3851 sino
876 3790 1026 3851 canonica
1048 3789 1089 3851 sit
1104 3789 1169 3850 vita
1190 3788 1241 3853 vel
1258 3789 1412 3872 regulari.
1432 3786 1606 3873 nullusque
1626 3788 1793 3855 absolutus
1813 3791 1882 3857 sine

268 3891 448 3974 magisterio
470 3889 637 3972 episcopali
659 3889 707 3952 vol
730 3888 883 3971 presbiter
903 3896 958 3952 aut
979 3889 1131 3953 diaconus
1152 3889 1202 3953 vel
1226 3889 1336 3969 abbas,
1366 3892 1441 3974 quia
1461 3890 1626 3975 displicere
1642 3888 1711 3957 Deo
1731 3893 1882 3957 norimus

268 4012 323 4057 eos
345 3993 399 4075 qui
422 3993 491 4054 sino
512 3990 676 4073 displicina
696 3991 746 4054 rel
769 3992 948 4074 magisterio
970 3998 1052 4054 sunt.

373 4096 417 4158 12.
461 4092 504 4156 Ut
527 4093 638 4156 nullus
666 4112 706 4156 cx
740 4093 829 4156 laicis
858 4092 1066 4175 presbiterum
1092 4093 1142 4157 vel
1170 4095 1334 4159 diaconem
1367 4112 1425 4159 seu
1457 4094 1609 4159 clericum
1632 4114 1741 4161 secum
1766 4096 1883 4163 babere
1899 4125 1926 4165 a

269 4203 483 4279 praesummat
504 4194 554 4257 rel
578 4194 616 4257 ad
644 4195 773 4259 eclesias
801 4216 877 4259 suas
902 4196 1047 4258 ordinare
1071 4194 1192 4279 absque
1217 4196 1377 4262 licentiam
1402 4216 1459 4261 seu
1488 4198 1723 4262 examinatione
1743 4198 1881 4283 episcopi

270 4300 336 4377 sui,
371 4304 405 4360 ut
433 4299 500 4381 ipse
528 4297 621 4374 sciat,
656 4298 682 4360 si
710 4305 793 4362 recto
821 4299 918 4380 possit
944 4297 1092 4381 appellari
1127 4298 1260 4362 clericus
1291 4305 1347 4362 aut
1374 4298 1528 4382 presbiter
1556 4304 1588 4363 et
1616 4300 1658 4363 sit
1686 4298 1810 4385 absque
1833 4318 1882 4367 re·

268 4401 502 4485 praebensione.

372 4504 416 4566 13.
458 4500 616 4564 Omnibus
648 4503 778 4564 omnino
814 4502 993 4565 eluistiauis
1030 4501 1159 4566 iubetur
1199 4502 1371 4567 simbolum
1408 4508 1439 4567 et
1475 4505 1649 4568 orationem
1689 4504 1883 4571 dominicam

269 4603 396 4667 discere.
1898 4636 1927 4676 ao

373 4707 418 4770 14.
462 4704 505 4769 Ut
524 4705 631 4768 trullus
655 4705 807 4768 infantem
830 4704 881 4767 rel
902 4704 1001 4767 alium
1023 4723 1063 4768 ex
1088 4706 1218 4788 paganis
1239 4705 1278 4769 de
1303 4705 1389 4795 fonto
1410 4726 1498 4770 sacro
1517 4708 1685 4789 suscipiat,
1709 4714 1882 4792 antequam

271 4806 441 4870 simbolum
464 4813 495 4870 et
515 4809 687 4871 omticinenr
711 4808 901 4870 dominicam
923 4805 1094 4889 presbitero
1116 4826 1174 4870 siro
1195 4807 1311 4871 reddat.

374 4912 418 4973 15.
464 4909 504 4973 lJt
526 4911 659 4973 incestas
681 4911 808 4993 nuptias
829 4910 960 4972 omniuo
982 4911 1080 4973 vitare
1101 4910 1274 4973 doceantur
1293 4916 1324 4974 et
1340 4910 1497 4976 abstinere
1513 4911 1761 4992 afornicatione,
1781 4912 1882 4978 homi-

270 5010 368 5088 cidio,
389 5012 485 5081 irrito,
506 5013 660 5095 periurio,
682 5010 849 5085 maleficio,
871 5010 910 5073 ab
934 5012 1076 5093 auguriis
1097 5020 1128 5075 et
1149 5012 1479 5077 incantationibusvel
1494 5014 1671 5097 sacrilegio,
1689 5014 1883 5081 ebrietateet

270 5115 422 5181 comitio.
442 5116 566 5198 rapina,
587 5114 659 5177 odio
680 5113 729 5177 rel
752 5113 884 5192 invidia,
905 5121 936 5176 et
956 5120 1097 5177 sanctam
1121 5115 1383 5179 communionem
1400 5116 1494 5199 digne
1513 5116 1681 5199 excipiant.
1898 5146 1928 5185 as

378 5219 419 5281 to.
461 5216 504 5279 L't
524 5235 617 5279 nemo
639 5236 679 5279 ex
700 5216 901 5279 eclesiasticis
923 5215 986 5278 ulla
1007 5235 1161 5299 umquam
1190 5217 1354 5280 occasione
1375 5222 1464 5280 extra
1483 5218 1669 5281 canonicam
1686 5218 1737 5283 vel
1757 5219 1881 5303 regula·

271 5338 337 5381 rem
361 5318 517 5381 licentiam
539 5318 660 5400 aliquid
680 5338 772 5398 agere
794 5324 1014 5401 praesummat

371 5546 397 5617 b]
422 5547 575 5619 quisquae.
657 5546 682 5615 cf,
706 5547 783 5601 bisc.
867 5546 896 5616 d)
919 5554 1081 5618 procurrent
1092 5564 1116 5599 c.
1198 5546 1225 5607 c)
1247 5543 1310 5605 cic.
1390 5546 1710 5617 Citasubditissulsc.
