4380 6248
832 381 977 439 KAROLI
997 382 1123 439 MAGNI
1144 381 1413 440 CAPITULARIA.
1886 379 1923 444 81

312 564 485 628 reformare
506 564 664 627 tramitem
684 569 824 628 mentem
846 563 1051 628 intendimus.
1091 564 1194 648 quue
1214 584 1294 648 opus
1315 563 1415 628 Paulo
1437 563 1584 644 diacorro,
1608 563 1753 627 familiari
1775 563 1925 628 clientulo

314 674 438 746 nostro,
455 665 650 730 elimandum
663 666 876 744 iniunximus,
898 665 1018 730 seilicet
1027 671 1078 744 ut,
1098 666 1238 730 studiose
1255 666 1480 730 catholicorum
1494 671 1620 749 patrum
1635 666 1717 729 diota
1730 685 1927 750 percurrens,

314 767 412 833 veluti
435 767 634 832 elatissimis
656 787 767 831 eorum
788 768 885 851 pratis
906 773 1008 832 certos
1029 787 1173 851 quosque
1200 767 1349 832 flosculos
1375 768 1504 850 legeret,
1530 773 1561 832 et
1588 768 1622 830 in
1650 787 1752 831 unum
1781 787 1926 851 quaeque

315 877 422 935 essent
448 869 537 934 utilia
565 870 657 953 quasi
683 876 804 934 sertum
831 875 957 953 aptaret.
1006 868 1069 946 Qui
1095 875 1220 934 nostrae
1251 870 1432 934 eelsitudini
1464 870 1575 933 devote
1601 887 1710 953 parere
1734 869 1926 949 desiderans,

280 997 295 1037 e
315 978 467 1037 1100101110
490 977 585 1056 atque
606 991 767 1036 sermones
788 972 987 1036 diversorum
1007 971 1232 1035 catholicorum
1252 977 1380 1056 patrum
1400 971 1564 1056 perlegens
1583 978 1615 1034 et
1642 971 1759 1054 optima
1781 990 1926 1055 quasque

315 1075 500 1158 decerpens,
527 1076 561 1137 in
582 1073 708 1138 duobus
728 1073 947 1138 voluminibus
975 1092 1031 1158 per
1050 1074 1148 1138 totius
1169 1073 1245 1136 anni
1265 1073 1419 1137 circulmn
1442 1077 1651 1156 congruentes
1672 1073 1789 1156 cuique
1808 1073 1925 1137 festivi-

314 1178 372 1240 tati
393 1176 540 1240 distinete
559 1183 591 1240 et
611 1175 732 1259 absque
752 1176 838 1239 vitiis
867 1174 960 1239 nobis
988 1175 1101 1239 obtulit
1123 1174 1282 1239 lectiones
1328 1173 1471 1251 Quarum
1498 1175 1643 1239 omnium
1668 1181 1791 1239 ternam
1819 1182 1926 1239 nostra

315 1279 485 1363 sagacitate
509 1278 751 1362 perpendentes,
778 1285 886 1341 nostra
912 1278 1021 1342 eadem
1048 1277 1212 1341 volumina
1240 1279 1423 1342 auctoritate
1451 1276 1710 1341 00110101111111100ο
1740 1283 1927 1360 vestraeque

315 1381 459 1465 religioni
481 1383 513 1444 in
536 1379 651 1444 Christi
671 1379 811 1444 eeclesiis
832 1380 987 1443 tradimus
1008 1380 1047 1442 ad
1068 1379 1246 1462 legendum.

269 1627 295 1664 ro
415 1613 442 1680 c)
463 1610 648 1665 stabilivimus
661 1610 685 1662 1.

347 2095 412 2198 31.
452 2088 910 2199 CAPITULUM
948 2084 1284 2356 lgAlT'qlffiO
1324 2085 1890 2196 CENOMANNIOO

997 2420 1079 2497 800.
1108 2424 1245 2496 aestate.

418 2599 548 2678 Ecstor
566 2612 740 2697 capitulum
763 2614 796 2675 in
817 2612 922 2676 cedrea
942 2613 1125 2677 Parin‘enaa'
1133 2614 1221 2679 5571.
1246 2612 1305 2696 fol.
1321 2615 1380 2677 164
1393 2612 1617 2698 postAlcnein‘
1633 2636 1746 2697 operm·
1773 2614 1807 2676 ab
1828 2613 1925 2677 Bene-

270 2742 296 2782 n
315 2715 398 2779 nea·
414 2717 508 2779 enirm
530 2713 739 2798 cape‘trrdmnn
757 2713 933 2778 collectim
952 2715 992 2795 (I.
1006 2716 1079 2795 303)
1099 2714 1261 2779 artabanen
1271 2716 1458 2799 enampnnn
1472 2715 1574 2778 verbm
1594 2712 1647 2777 Ex
1661 2713 1806 2800 capitulis
1819 2714 1925 2778 domni

316 2815 436 2881 Karoli.
481 2815 662 2901 Oapztrtlnm
687 2816 719 2878 in
744 2814 977 2880 Caenomanico
1004 2838 1088 2902 pago
1110 2816 1218 2880 danem
1239 2840 1301 2879 non
1322 2819 1475 2880 cnamm‘to
1496 2817 1614 2880 aestati
1630 2818 1784 2883 0001811)
1804 2816 1925 2880 ademi-

311 2931 405 3004 ptnm
428 2930 489 2998 ccl,
510 2942 569 3003 qne
595 2930 729 3002 ternpore
750 2917 891 2982 Karolna
907 2942 965 2981 ren
984 2917 1058 2981 ende
1079 2943 1100 2981 α
1118 2918 1289 3003 Botomapo
1306 2917 1446 2982 Turones
1463 2919 1608 3003 pervarn't
1626 2929 1656 2980 et
1674 2917 1873 2982 hauddubie
1893 2920 1928 2981 in

312 3044 398 3107 papo
419 3022 512 3084 enirm
527 3019 753 3083 Cetwcnonnt'co
766 3032 910 3083 versatam
930 3032 984 3083 eet.
1025 3019 1167 3084 Etiamsi
1183 3020 1222 3084 de
1241 3020 1379 3106 capitali
1394 3022 1513 3107 mn'peire
1527 3020 1703 3083 duba'tutnm
1721 3033 1779 3101 eet,
1799 3043 1860 3084 non
1882 3033 1929 3084 eet

315 3147 374 3186 cnr
393 3134 502 3185 contra
523 3121 642 3185 codeces
661 3123 767 3185 nostrn'
783 3134 813 3185 ct
835 3120 1000 3185 Benedicti
1017 3124 1234 3186 (anctoritatem
1253 3122 1309 3186 boc
1329 3122 1501 3207 capitulum
1527 3121 1644 3185 Karola'
1661 3146 1728 3186 esee
1747 3146 1901 3208 nepentns.

269 3252 297 3289 20
1484 3223 1537 3303 (e.
1554 3223 1655 3303 aeta·
1676 3223 1714 3287 P.
1728 3225 1763 3305 J,
1785 3225 1847 3304 ee.)

774 3461 1055 3560 Capitulum
1099 3461 1264 3534 domni
1302 3461 1479 3535 Caroli.

417 3640 498 3748 Pro
520 3686 619 3749 nimie
640 3687 876 3766 reclamatione,
903 3706 985 3770 quae
1007 3686 1047 3749 ad
1067 3705 1127 3750 nos
1147 3688 1234 3749 venit
1255 3686 1293 3749 de
1314 3685 1496 3749 hominibus
1519 3686 1737 3751 ecclesiasticis
1759 3707 1816 3752 sea
1837 3688 1926 3752 fisca-

318 3784 392 3849 linis
420 3788 477 3870 qui
504 3807 569 3850 non
596 3794 685 3850 erant
711 3788 869 3851 adiurnati
879 3790 900 3868 ¹,
922 3788 1048 3871 quando
1069 3789 1104 3850 in
1125 3786 1354 3852 caenomanico
1375 3808 1455 3871 pago
1475 3788 1612 3869 fuimus,
1639 3791 1745 3853 visum
1767 3797 1815 3853 est
1836 3790 1927 3853 nobis

319 3906 384 3950 una
404 3907 478 3951 eum
501 3889 648 3952 consultu
670 3888 812 3953 fidelium
833 3897 1015 3953 nostrorum
1037 3895 1191 3969 statuere,
1212 3898 1264 3968 ut,
1282 3891 1478 3972 quicumque
1499 3891 1537 3953 de
1557 3890 1723 3973 praedietis
1744 3890 1927 3955 hominibus

271 4018 298 4058 as
319 3997 462 4072 quartam
485 3989 579 4054 100112
607 3997 743 4070 teneret,
771 4010 844 4054 eum
872 3993 940 4055 suis
960 3991 1151 4057 animalibus
1172 3993 1289 4055 seniori
1310 4011 1369 4055 suo
1389 3991 1523 4075 pleniter
1543 4012 1646 4056 unum
1668 3992 1751 4056 diem
1773 4013 1847 4056 eum
1869 4013 1926 4057 suo

317 4099 420 4154 aratro
441 4093 473 4155 in
496 4112 606 4176 campo
628 4093 787 4156 dominico
809 4100 925 4173 araret,
954 4103 985 4157 et
1009 4099 1118 4177 postea
1145 4092 1272 4156 nullum
1303 4094 1473 4157 servicium
1494 4095 1522 4158 ei
1544 4094 1710 4158 manuale·
1731 4096 1763 4157 in
1785 4097 1853 4179 ipsa
1874 4094 1927 4159 eb·

318 4192 452 4256 domada
478 4214 497 4257 a
526 4195 649 4258 seniore
671 4214 729 4257 suo
758 4196 979 4278 requireretur.
1019 4194 1062 4259 Et
1086 4198 1142 4278 qui
1170 4203 1255 4258 tanta
1276 4195 1425 4259 animalia
1445 4216 1510 4259 non
1530 4196 1659 4261 haberet
1679 4204 1715 4260 ut
1735 4199 1770 4260 in
1791 4216 1855 4260 uno
1876 4197 1927 4261 die

319 4295 377 4358 hoc
404 4296 530 4379 explere
557 4295 686 4375 valeret,
713 4297 877 4380 perficeret
901 4298 1096 4381 praedictum
1122 4317 1201 4381 opus
1228 4299 1261 4361 in
1284 4297 1410 4362 duobus
1431 4297 1557 4374 diebus3
1586 4306 1617 4362 et
1644 4299 1699 4381 qui
1728 4298 1926 4362 solummodo

316 4396 471 4476 invalida,
492 4399 536 4460 ita
556 4403 593 4462 ut
613 4418 669 4481 per
690 4419 724 4462 se
745 4418 810 4462 nou
831 4407 960 4482 possent
980 4420 1083 4479 arare,
1114 4406 1263 4483 quattuor
1283 4400 1431 4463 animalia
1456 4399 1597 4479 haberet,
1626 4419 1700 4463 oum
1729 4401 1774 4463 eis
1802 4401 1927 4464 sociatis

269 4526 298 4565 ao
317 4497 387 4562 aliis
413 4506 514 4563 araret
538 4520 604 4563 uno
627 4502 677 4564 die
704 4502 738 4563 in
760 4521 870 4585 campo
892 4503 1041 4581 senioris,
1068 4508 1099 4565 01
1124 4521 1227 4565 unum
1254 4502 1338 4565 diem
1366 4501 1568 4585 postmodum
1594 4503 1627 4564 in
1648 4502 1717 4584 ipsa
1736 4501 1927 4567 ebdomadae

318 4619 412 4684 opera
434 4621 590 4666 manuum
611 4603 733 4666 faceret
775 4602 816 4665 Et
837 4605 892 4685 qui
915 4603 995 4666 nihil
1016 4623 1057 4667 ex
1078 4604 1128 4667 his
1148 4604 1250 4667 facere
1271 4609 1391 4687 poterat
1411 4622 1515 4686 neque
1536 4601 1684 4666 animalia
1704 4601 1846 4683 haberet,
1873 4625 1928 4688 per

316 4711 380 4766 tres
409 4703 476 4767 dies
502 4704 619 4768 seniori
647 4724 705 4768 suo
732 4704 883 4768 menibus
909 4726 928 4768 a
953 4725 1047 4769 mane
1073 4726 1177 4789 usque
1198 4706 1237 4770 ad
1258 4725 1425 4790 vesperum
1448 4713 1643 4790 operaretur,
1670 4711 1701 4768 et
1722 4706 1828 4768 senior
1848 4726 1927 4770 suus

317 4805 347 4868 ei
372 4805 510 4889 amplius
539 4825 614 4883 non
630 4809 813 4890 requireret.
857 4805 1001 4870 Diversis
1029 4828 1168 4890 namque
1194 4809 1297 4871 modis
1317 4808 1374 4872 hec
1396 4807 1584 4892 agebantur,
1612 4827 1631 4870 a
1652 4806 1842 4890 quibusdam
1864 4814 1929 4872 tota

318 4905 493 4971 ebdomada
513 4907 716 4992 operabatur,
746 4928 765 4971 a
790 4908 982 4991 quibusdam
1010 4909 1155 4989 dimidia,
1183 4916 1213 4973 et
1240 4930 1258 4972 a
1285 4909 1475 4992 quibusdam
1504 4909 1568 4973 duo
1594 4909 1669 4972 dies.
1710 4909 1831 4974 Idcirco
1852 4910 1928 4974 haec

268 5039 297 5080 ω
319 5010 505 5090 statuimus,
531 5018 568 5074 ut
589 5012 668 5074 aeeb
689 5010 809 5073 familia
833 5029 866 5074 se
887 5030 906 5073 a
926 5010 1092 5094 praedictis
1113 5010 1260 5095 operibus
1281 5009 1464 5074 subtrahere
1488 5016 1610 5095 posset,
1637 5030 1775 5094 nequeo
1797 5014 1928 5077 seniori·

317 5109 379 5174 bus
400 5111 537 5194 amplius
558 5112 604 5174 eis
625 5113 855 5194 exquireretur.
898 5110 939 5174 Et
960 5113 1016 5193 qui
1036 5114 1145 5176 minus
1165 5118 1295 5195 quartae
1311 5111 1427 5176 obtime
1437 5112 1476 5176 de
1490 5120 1572 5176 terra
1586 5112 1729 5192 haberet,
1750 5115 1927 5179 seeundum

418 5343 446 5409 a)
466 5341 506 5394 ita
519 5341 626 5394 00παί
637 5339 706 5409 (esa
716 5342 807 5410 infla.-
821 5358 953 5396 manuum
966 5360 1063 5413 opera,
1075 5343 1203 5398 manibus
1216 5341 1350 5413 operari);
1363 5344 1482 5398 annuale
1495 5361 1518 5396 e.
1600 5343 1629 5411 bf·
1653 5361 1687 5398 ue
1701 5361 1726 5397 c.

421 5562 450 5634 1)
470 5563 747 5636 Adcitatimoncoq.
761 5563 899 5637 adjoume
982 5565 1012 5637 2)
1033 5567 1135 5622 Factae
1147 5567 1210 5638 apri
1216 5575 1256 5622 cat
1265 5569 1371 5622 moden.

420 5683 463 5726 u„
480 5685 665 5726 (mmmm
681 5686 701 5725 1.
