4380 6248
267 366 327 430 993
922 372 1149 430 HLUDOWICI
1171 375 1225 429 Pll

373 553 623 683 Unusquisque
650 601 867 665 ministerialis
901 602 1061 686 palatinus
1089 600 1331 684 diligentissima
1363 603 1570 686 inquisitione
1602 603 1753 668 discutiat
1783 604 1878 688 primo

268 706 413 769 homines
436 724 512 769 suos
528 710 559 766 et
572 708 680 786 postea
691 721 782 786 pares
793 722 883 783 snoS,
904 704 932 767 si
943 703 1083 785 aliquem
1093 703 1176 766 inter
1195 721 1250 767 eos
1262 703 1314 767 rel
1333 704 1521 788 apudsuos⁸
1541 706 1704 789 igrotuml
1722 705 1878 770 hominem

268 808 319 871 vel
340 808 538 871 meretricem
560 805 736 868 latitantem
758 805 1022 888 invenirepossit.
1063 803 1105 868 Et
1122 805 1150 868 si
1161 805 1313 869 inventus
1326 805 1421 871 homo
1432 806 1549 890 aliquis
1569 807 1620 872 vel
1642 808 1750 891 aliqua
1768 806 1879 871 femina

268 909 452 973 huiusmodi
473 909 582 985 fuerit,
606 905 819 985 custodiatur,
848 926 889 970 ne
909 907 1018 989 fugere
1038 907 1150 990 possit,
1171 908 1375 991 usquedum
1396 907 1489 974 nobis
1510 909 1728 975 adnuntietur.
1770 907 1812 973 Et
1831 908 1879 973 ille

268 1012 363 1074 homo
385 1012 441 1094 qui
468 1010 561 1073 talem
589 1009 751 1072 hominem
780 1008 831 1071 rel
857 1008 953 1071 talem
970 1009 1123 1072 feminam
1142 1028 1252 1072 secum
1278 1009 1408 1091 habuit,
1433 1012 1460 1074 si
1488 1031 1523 1076 se
1542 1011 1714 1076 emendare
1739 1010 1910 1090 noluerits

267 1115 302 1176 in
326 1113 441 1196 palatio
463 1120 570 1175 nostro
600 1110 795 1173 observetur.
842 1109 993 1174 Similiter
1019 1110 1170 1174 volumus
1198 1118 1233 1176 ut
1258 1112 1377 1178 iaciant
1400 1115 1624 1179 ministeriales
1650 1114 1785 1179 dilectae
1810 1132 1879 1177 cou-

269 1217 354 1295 ingis
375 1221 501 1277 nostrae
521 1213 571 1276 vel
594 1212 733 1275 liliorum
755 1217 945 1276 nostrorum.

369 1320 396 1381 2.
438 1316 480 1380 Ut
501 1314 670 1378 Ratbertus
692 1323 798 1378 actor⁰
819 1333 875 1398 per
896 1334 992 1378 suram
1006 1316 1235 1396 ministerium,
1255 1316 1286 1380 id
1306 1323 1354 1381 est
1374 1336 1430 1401 per
1439 1317 1550 1382 domos
1571 1337 1739 1383 servorum
1763 1326 1879 1382 nostro-

269 1438 358 1498 rnm,
384 1424 447 1481 tam
469 1419 503 1480 in
521 1418 626 1500 Aquis
654 1437 751 1500 quam
778 1418 812 1478 in
840 1418 994 1499 proximis
1014 1416 1135 1481 villulis
1163 1420 1283 1483 nostris
1304 1419 1344 1482 ad
1367 1419 1472 1504 Aquis
1493 1418 1727 1504 pertinentibus
1749 1419 1879 1483 similem

268 1521 510 1603 inquisitionem
531 1519 631 1582 faciat.
679 1518 793 1582 Petrus
823 1538 898 1582 vero
919 1526 949 1582 et
975 1519 1089 1583 (dunzo
1116 1539 1173 1603 per
1201 1522 1332 1584 sornas¹
1366 1527 1397 1585 et
1421 1522 1500 1585 alias
1530 1522 1715 1585 mansiones
1741 1527 1909 1585 actorumn

269 1630 450 1686 nostrornm
472 1621 616 1685 similiter
635 1621 766 1701 faciant,
792 1627 824 1685 et
843 1620 1003 1684 Emaldus
1030 1641 1086 1705 per
1106 1623 1289 1687 mansiones
1317 1624 1462 1686 onmium
1483 1625 1733 1708 negotiatorum,
1764 1624 1831 1687 sire
1848 1623 1879 1686 in

269 1730 407 1788 mercato
431 1726 497 1786 siue
519 1722 618 1786 aliubi
640 1724 855 1806 negotientur,
877 1733 941 1786 tam
963 1724 1209 1787 christianorum
1231 1745 1329 1808 quam
1349 1732 1380 1790 et
1400 1725 1599 1790 Iudaeorum
1647 1725 1880 1789 Mansionarius

269 1833 376 1892 atatem
398 1827 492 1889 faciat
513 1825 608 1888 simili
630 1825 723 1888 uredo
745 1845 819 1888 cnm
845 1827 913 1888 suis
934 1825 1115 1890 iunioribus
1143 1845 1200 1910 per
1228 1828 1410 1892 mansiones
1438 1828 1661 1911 opiscoporum
1680 1833 1712 1892 ot
1732 1825 1879 1891 abbatum

268 1939 299 1995 et
327 1930 479 1992 comitum
516 1929 572 2010 qui
604 1935 725 1990 actores
759 1946 822 1990 non
858 1934 933 1991 sunt
962 1934 994 1991 et
1019 1947 1186 1992 vassorum
1206 1936 1404 2010 nostrorum,
1436 1949 1473 1993 eo
1495 1936 1635 2012 tempore
1661 1929 1793 2013 quando
1818 1927 1878 1992 illil

269 2033 409 2096 seniores
430 2031 461 2092 in
484 2030 562 2112 ipsis
583 2029 805 2092 mansionibus
826 2048 891 2092 nou
914 2035 997 2092 suut.
1888 2053 1907 2094 a

370 2134 398 2196 3.
440 2131 599 2195 Volumus
620 2140 716 2214 atque
736 2131 900 2211 iubemus,
928 2138 964 2194 ut
985 2131 1095 2194 nullus
1122 2131 1231 2196 dehis
1258 2134 1315 2215 qui
1335 2132 1428 2197 nobis
1454 2135 1487 2197 in
1514 2139 1623 2197 nostro
1642 2133 1761 2217 palatio
1782 2132 1880 2196 deser·

269 2241 361 2301 ritant
392 2237 531 2319 aliquem
559 2233 720 2296 hominem
748 2239 874 2316 proptor
899 2234 1021 2296 lurtum
1048 2242 1104 2296 ant
1131 2234 1278 2318 aliquod⁰
1301 2235 1511 2299 homicidium
1537 2235 1586 2299 rol
1615 2234 1811 2299 adulterium
1833 2235 1880 2299 rel

268 2340 354 2405 aliud
377 2336 505 2421 aliquod
527 2337 648 2399 crimen
669 2335 709 2398 ab
729 2337 797 2419 ipso
808 2340 1021 2419 perpetratum
1043 2342 1074 2399 et
1094 2340 1221 2417 propter
1241 2335 1300 2396 hoc
1312 2333 1351 2396 ad
1372 2333 1525 2416 palatium
1535 2339 1682 2397 nostrum
1703 2333 1878 2396 venientem

268 2450 365 2526 atque
387 2441 429 2503 ibi
452 2440 572 2502 latitare
593 2437 753 2500 volentem
772 2439 912 2520 recipcre
938 2443 1127 2520 praesumat.
1172 2435 1213 2499 Et
1235 2437 1262 2498 si
1286 2435 1368 2498 liber
1394 2435 1489 2499 homo
1515 2435 1597 2498 hane
1623 2435 1878 2498 constitutionem

269 2554 486 2625 transgressus
507 2540 603 2603 fuerit
624 2548 654 2602 et
674 2539 769 2602 talem
783 2539 943 2601 hominem
955 2540 1121 2623 receperit,
1143 2540 1222 2601 sciat
1242 2537 1423 2602 secundem
1440 2538 1603 2601 homiuem
1623 2538 1681 2621 qui
1701 2537 1788 2621 apud
1809 2555 1906 2602 eumn

269 2649 421 2709 iuventus
441 2643 537 2705 fucrit
559 2643 591 2704 in
614 2641 694 2705 collo
722 2662 780 2704 suo
802 2650 925 2724 portare
951 2640 1080 2721 debere,
1105 2643 1245 2725 primum
1267 2642 1348 2703 eirea
1374 2640 1527 2724 palatium
1554 2638 1668 2703 deiude
1689 2638 1730 2702 ad
1756 2640 1878 2722 cippum

269 2751 303 2810 in
337 2766 432 2829 quem
463 2746 547 2807 idem
572 2744 754 2807 malefactor
780 2744 953 2807 mittendus
980 2750 1034 2807 est.
1086 2743 1121 2807 Si
1148 2750 1254 2807 autem
1286 2762 1398 2807 servus
1423 2743 1518 2806 fuerit
1546 2742 1602 2823 qui
1628 2740 1712 2804 hanc
1744 2752 1877 2804 nostram

270 2852 445 2913 iussionem
466 2847 608 2910 serraref
634 2847 872 2929 contempserit,
899 2846 1044 2909 similiter
1071 2846 1161 2908 illum
1184 2844 1455 2908 malumfaotorcm
1483 2846 1516 2908 in
1538 2844 1618 2908 collo
1639 2864 1699 2908 suo
1721 2841 1878 2927 usquead

270 2954 399 3034 cippum
421 2949 575 3032 deportet,
604 2949 720 3031 etipse
741 2955 848 3030 postea
871 2950 903 3010 in
934 2953 1130 3011 mereatumt
1157 2948 1334 3011 adducatur
1359 2956 1390 3011 et
1416 2947 1460 3009 ibi
1487 2947 1665 3011 secundum
1691 2948 1806 3010 merita
1825 2964 1877 3009 sua

270 3052 455 3135 flagelletur.
498 3049 649 3113 Similiter
670 3050 708 3112 de
728 3049 918 3132 gadalibns‘2
940 3058 971 3114 et
993 3049 1212 3113 meretricibus
1232 3049 1395 3129 volumus,
1415 3056 1451 3111 ut
1471 3049 1554 3132 apud
1576 3066 1815 3132 (luminumque
1834 3049 1904 3111 inas

272 3161 383 3218 ventae
403 3153 521 3215 fuerint
542 3150 580 3213 ab
603 3153 649 3214 cis
671 3158 836 3234 portentur
857 3172 960 3235 usque
981 3152 1018 3214 ad
1041 3159 1230 3227 mercatum,
1251 3151 1306 3214 uhi
1328 3153 1414 3234 ipsae
1434 3150 1642 3234 flagellandae
1664 3156 1754 3227 sunt,
1777 3150 1876 3219 vehsi

271 3256 424 3334 uoluerit,
444 3255 595 3317 uolumus
613 3263 650 3316 ut
670 3253 766 3316 sirunl
786 3273 860 3316 cram
880 3254 934 3317 illa
956 3255 989 3315 in
1010 3254 1120 3318 eodem
1142 3254 1210 3316 loco
1232 3254 1409 3338 vapuletur.

371 3360 399 3421 l.
445 3358 646 3440 Quicumque
666 3358 811 3419 homines
832 3358 973 3419 rixantes
995 3358 1026 3418 in
1058 3355 1173 3439 palatio
1196 3357 1352 3419 invenerit
1380 3365 1411 3419 et
1433 3375 1487 3419 eos
1508 3353 1673 3439 pacificare
1694 3354 1831 3438 potuerit
1851 3362 1877 3417 et

271 3462 423 3539 noluerit,
451 3460 528 3522 sciat
548 3458 701 3520 (lammam
723 3459 807 3541 (praed
837 3460 991 3522 intereos
1011 3460 1130 3521 facttum
1156 3457 1251 3521 fuerit
1279 3459 1462 3542 participem
1483 3476 1553 3521 esse
1575 3456 1697 3520 dobere.
1745 3455 1875 3532 Quodsi

271 3565 412 3625 rixantes
433 3561 545 3624 viderit
567 3564 598 3623 et
626 3579 680 3623 cos
702 3560 866 3643 pacificare
885 3580 948 3623 uon
970 3563 1107 3643 potuerit
1127 3566 1157 3624 et
1180 3562 1234 3644 qui
1257 3562 1322 3624 sint
1349 3561 1395 3622 illi
1417 3560 1472 3643 qui
1500 3560 1583 3623 inter
1608 3578 1643 3622 se
1665 3560 1814 3623 rixantur
1832 3578 1904 3621 coa

269 3684 421 3749 gnoscere
444 3663 581 3726 nolucrit
602 3670 638 3725 nt
661 3663 719 3725 hoc
739 3663 878 3726 iudicare
899 3664 1014 3746 possit,
1042 3663 1188 3726 similiter
1218 3662 1367 3726 volumus
1389 3671 1424 3727 ut
1445 3662 1597 3726 dammuu
1619 3660 1707 3745 quod
1729 3662 1812 3725 inter
1830 3679 1876 3725 cos

270 3768 477 3830 commissum
500 3766 594 3828 inierit
615 3766 648 3827 iu
669 3766 887 3848 conpositione
908 3767 1166 3829 cornmnuiouem
1188 3764 1308 3828 habeat.

370 3871 398 3932 b.
441 3866 643 3949 Quicumque
673 3866 833 3929 hominem
861 3867 1077 3951 undecunque
1105 3868 1143 3929 ad
1173 3866 1326 3950 palatium
1352 3874 1497 3929 nostrum
1525 3865 1706 3929 venientem
1734 3864 1876 3949 receperit

271 3971 339 4033 sire
360 3969 529 4032 adduxerit
550 3988 608 4031 neo
638 3968 793 4050 expellere
821 3971 979 4032 curaverit
1003 3969 1156 4032 darnuum
1185 3970 1269 4053 qnod
1299 3968 1361 4032 hab
1386 3987 1423 4032 oo
1448 3968 1543 4031 fuerit
1570 3968 1603 4029 in
1630 3967 1748 4051 palatio
1778 3974 1876 4031 nostro

270 4072 407 4150 factum,
429 4083 483 4134 aut
503 4090 575 4133 cnm
599 4077 776 4153 praesentet
797 4078 864 4149 aut,
886 4072 912 4133 si
934 4080 1133 4154 praesentare
1153 4090 1216 4134 non
1230 4071 1383 4154 potuerit,
1405 4069 1558 4132 damnum
1572 4067 1657 4152 quod
1679 4069 1750 4153 ipso
1770 4070 1905 4133 fenerata

271 4194 327 4257 pro
350 4175 417 4256 ipso
435 4178 600 4257 conponat.

373 4278 399 4339 o.
441 4274 484 4337 Ut
504 4276 635 4338 countes
656 4275 785 4358 palatini
798 4294 925 4338 omnem
946 4274 1142 4358 diligentiam
1164 4275 1348 4354 adhibeant,
1371 4282 1406 4338 ut
1425 4274 1611 4339 clamatores
1631 4272 1877 4359 postquamindi·

271 4377 380 4441 culum
404 4377 443 4439 ab
464 4379 510 4440 eis
531 4379 708 4459 acceperint
730 4379 762 4439 in
784 4377 900 4461 palatio
921 4386 1029 4440 nostro
1051 4398 1116 4440 mm
1137 4378 1349 4441 remaneant³

374 4479 400 4541 l.
445 4478 487 4541 Ut
516 4498 611 4561 super
642 4479 804 4542 mendicos
831 4487 861 4542 et
888 4498 1043 4562 pauperes
1074 4481 1217 4563 magistri
1246 4481 1481 4543 constituantur
1510 4481 1566 4564 qui
1594 4479 1633 4543 do
1660 4480 1708 4543 eis
1736 4496 1875 4563 magnam

271 4601 382 4644 curam
408 4586 438 4643 et
468 4581 697 4662 providentiam
723 4580 873 4657 habeant,
905 4588 958 4643 nt.
1044 4583 1135 4645 oresl
1165 4590 1196 4644 et
1222 4580 1422 4645 sinmlatorcs
1449 4584 1530 4646 iuter
1557 4600 1612 4646 eos
1633 4600 1668 4645 se
1689 4580 1794 4646 celare
1820 4599 1906 4645 nonu

272 4685 402 4767 possint.

374 4786 400 4847 8.
444 4783 486 4847 Ut
507 4785 595 4846 ‹irrrni
613 4783 809 4847 hebdomada
830 4804 886 4868 per
908 4785 991 4848 diem
1013 4785 1134 4849 sabbati
1156 4792 1284 4868 agentes
1305 4786 1357 4849 vol
1370 4785 1592 4849 ministeriales
1612 4787 1715 4850 nostri
1736 4786 1876 4861 indicent,

273 4887 350 4970 quid
373 4886 411 4949 de
432 4886 491 4949 hac
511 4886 716 4968 inquisitione
740 4886 858 4949 iactum
889 4887 1025 4951 habeant
1053 4898 1083 4951 et
1104 4887 1163 4950 hoc
1185 4887 1270 4970 quod
1296 4887 1389 4951 uobis
1414 4886 1626 4951 indicaverint
1646 4888 1693 4951 sic
1720 4887 1878 4973 diligenter

273 5009 309 5050 ac
332 4989 484 5050 veraciter
504 4987 640 5051 habeant
660 4989 852 5070 inquisitum
873 4996 904 5053 ct
926 4990 1165 5073 investigatum,
1188 4997 1237 5069 ut,
1257 4991 1285 5053 si
1302 4988 1394 5052 nobis
1413 4988 1584 5072 placuerit,
1603 4989 1637 5052 in
1658 5008 1759 5054 manu
1780 4996 1876 5053 nostr·

274 5089 399 5152 valcant
420 5089 600 5169 adfirmare,
623 5090 708 5173 quod
729 5110 794 5153 non
815 5090 903 5154 aliud
924 5092 1017 5155 nobis
1038 5093 1100 5155 nisi
1122 5093 1285 5155 veritatem
1306 5091 1506 5155 indicassent.
1884 5110 1906 5155 o

375 5260 396 5313 a'
420 5277 500 5314 arose.
550 5260 580 5327 bi
598 5260 723 5332 ignotum
735 5260 1021 5331 transdoromam
1036 5271 1180 5335 aegrotruu
1190 5264 1341 5317 conkodl'.
1383 5266 1411 5334 c)
1427 5270 1557 5319 auctore.
1605 5263 1636 5334 d)
1652 5263 1745 5321 illiso.
1793 5266 1819 5333 e)
1834 5261 1876 5319 ali-

274 5358 389 5411 quomo.
430 5340 453 5409 f)
468 5358 624 5395 serenares.
665 5340 695 5412 g)
714 5350 900 5397 marcatumc.
942 5344 972 5413 h)
989 5344 1393 5413 trosselqaaduorlr'uerouirm
1401 5344 1735 5416 Pdcqercooupotuomt.

377 5508 405 5579 1)
423 5508 686 5579 Scrcouu,cumero;
703 5513 757 5580 osr.
768 5512 981 5583 capitaneum
987 5534 1072 5587 aspro
1077 5534 1144 5587 pap.
1154 5516 1233 5586 sne.
1243 5515 1289 5571 49.
1350 5514 1380 5587 2)
1397 5516 1702 5589 ‘Arroorr‘or'upadolm
1708 5512 1874 5573 waiam!

276 5608 325 5661 Du
335 5607 434 5677 Congo.
476 5606 506 5665 3⁴)
526 5605 587 5674 Gfr.
598 5607 680 5678 capul.
688 5608 817 5680 Aqm'apr.
828 5609 896 5679 810,
904 5629 928 5665 c.
939 5611 970 5680 13
985 5630 1141 5685 mpmopog.
1152 5614 1217 5669 loa.
