4380 6248
268 359 328 423 408
830 361 1003 417 ANSEGISI
1025 360 1320 420 OAPITULARIUM

267 539 481 621 temptaverit,
507 537 640 600 multam
668 557 749 620 quae
774 539 809 600 in
835 537 980 620 capitulis
1009 538 1088 620 legis
1114 538 1298 602 mundanae
1325 558 1344 601 a
1372 539 1464 603 nobis
1493 539 1675 603 constitutis
1702 539 1887 602 continetur

267 639 446 723 persolvere
467 647 608 723 cogatur.

366 743 414 808 96.
456 741 505 803 De
525 740 654 820 feminis
673 741 757 805 viros
775 741 996 805 emittentibus.
1038 743 1087 807 De
1107 743 1234 807 feminis
1258 763 1341 828 quac
1366 746 1451 808 viros
1471 745 1623 808 amittunt
1641 742 1759 828 placet,
1786 760 1829 806 ne
1851 761 1887 805 se

268 846 351 908 sicut
369 844 523 908 hactenus
544 844 711 908 indiscrete
734 843 853 924 velent,
880 844 935 908 sed
964 852 997 908 ut
1025 846 1155 928 triginta
1175 846 1242 910 dies
1262 855 1333 930 post
1354 846 1520 911 decessum
1548 846 1608 909 riri
1638 846 1689 909 sui
1710 850 1882 928 expectent

266 953 388 1030 etpost
409 947 605 1010 tricesimum
628 946 712 1008 diem
732 965 787 1028 per
806 946 976 1010 consilium
998 948 1135 1030 episcopi
1156 950 1222 1028 sui,
1244 948 1293 1012 rel
1314 950 1341 1012 si
1363 950 1529 1032 episcopus
1551 947 1666 1012 absens
1686 946 1785 1011 fuerit
1805 964 1886 1010 con·
1914 958 1928 1000 ⁵

267 1049 337 1113 silio
356 1050 492 1112 aliorum
518 1049 737 1132 religiosorum
764 1047 962 1112 sacerdotum
992 1068 1189 1133 suorumque
1215 1056 1383 1134 parentum
1408 1056 1504 1134 atque
1532 1050 1708 1113 amicorum
1738 1048 1770 1111 id
1794 1047 1887 1131 quod

274 1151 390 1234 eligere
410 1150 526 1214 debent
544 1150 670 1227 eligant.
711 1150 752 1213 Et
773 1152 849 1233 quia
870 1171 888 1215 a
909 1170 997 1214 sacro
1018 1158 1179 1215 conventu
1206 1154 1323 1235 rogati,
1352 1160 1388 1216 ut
1411 1143 1448 1215 hi
1468 1153 1523 1236 qui
1544 1151 1705 1236 publicam
1733 1149 1890 1233 gerebant

273 1255 500 1336 poenitentiam
520 1261 552 1317 et
571 1253 707 1317 feminae
729 1272 811 1336 quae
832 1254 917 1316 viros
936 1253 1122 1317 amittebant
1141 1256 1462 1335 nostraauctoritate,
1490 1254 1590 1318 donec
1610 1252 1787 1317 deliberent
1808 1251 1887 1335 quid

275 1362 384 1438 agant,
406 1362 584 1435 tuerentur,
606 1356 781 1439 specialiter
801 1375 858 1438 pro
880 1356 929 1418 his
949 1355 1087 1438 capitula
1106 1354 1175 1419 fieri
1197 1363 1229 1420 et
1248 1356 1327 1440 legis
1346 1357 1527 1421 mundanae
1547 1355 1693 1439 capitulis
1713 1354 1887 1419 inserenda

275 1457 481 1521 decrevimus
1903 1471 1928 1511 u

375 1562 422 1624 97.
463 1559 513 1623 Dc
531 1559 633 1638 raptis
653 1563 682 1621 et
701 1560 739 1622 de
756 1559 1064 1639 coronaruptoribus.
1106 1559 1154 1624 De
1165 1563 1264 1645 raptis
1280 1581 1354 1626 vero
1373 1568 1404 1626 et
1416 1562 1454 1626 de
1473 1560 1661 1646 raptoribus,
1681 1580 1884 1643 quamquam

276 1662 450 1744 specialiter
471 1662 719 1726 decrevissemus
739 1663 816 1746 quid
838 1665 901 1746 pati
926 1662 1060 1726 debeant
1088 1664 1145 1746 qui
1174 1664 1233 1727 hec
1254 1664 1342 1727 nefas
1362 1663 1510 1748 deinceps
1529 1663 1632 1727 iacere
1654 1664 1891 1747 temptaverint.

276 1763 352 1846 quid
374 1770 480 1826 tamen
502 1783 597 1846 super
618 1764 666 1826 his
687 1766 768 1827 sacri
788 1784 926 1828 canones
948 1766 1145 1848 praecipiunt
1171 1765 1223 1828 hio
1243 1766 1448 1830 inserendum
1475 1767 1690 1831 necessarium
1713 1765 1886 1837 duximus;

277 1859 434 1948 quatenus
455 1864 604 1929 omnibus
623 1872 726 1949 pateat
747 1874 904 1950 quantum
924 1867 1045 1930 malum
1065 1869 1122 1948 sit,
1150 1875 1181 1931 et
1200 1887 1263 1931 non
1290 1868 1394 1931 solum
1417 1869 1557 1931 humana
1584 1867 1639 1932 sed
1662 1868 1760 1932 etiam
1780 1864 1890 1929 divina

275 1970 459 2031 auctoritate
480 1970 655 2047 constricti,
678 1968 793 2031 abhinc
814 1969 873 2032 hoc
894 1969 1013 2032 malum
1035 1977 1193 2033 caveatur.
1902 1981 1928 2020 ¹⁵

374 2074 422 2136 98.
465 2070 513 2134 De
531 2069 646 2149 puellis
667 2070 769 2148 ruptis
789 2069 921 2132 necdum
941 2070 1144 2149 desponsatis.
1191 2071 1239 2135 De
1259 2072 1374 2155 puellis
1400 2074 1499 2158 raptis
1525 2073 1664 2137 necdum
1685 2072 1890 2156 desponsatis

273 2175 306 2236 in
328 2173 459 2236 concilio
481 2173 745 2250 Chalcedonensi,
772 2172 828 2235 ubi
845 2171 1003 2236 DOXXX
1023 2179 1128 2256 patres
1148 2174 1292 2253 fuerunt,
1320 2175 1457 2258 capitulo
1480 2173 1640 2238 XXVII.·
1666 2177 1712 2239 ita
1734 2175 1887 2239 habetur:

274 2276 353 2339 ‘llos
374 2277 429 2359 qui
450 2277 577 2359 rapiunt
597 2275 718 2359 puellas
738 2275 798 2339 sub
820 2276 950 2338 nomine
972 2276 1069 2339 simul
1091 2275 1252 2339 habitandi
1271 2282 1475 2358 cooperantes
1496 2281 1529 2339 et
1548 2275 1755 2340 conibentesb
1782 2284 1888 2360 rapto·

274 2378 377 2453 ribuS,
403 2379 541 2441 decrevit
563 2386 671 2441 sancta
698 2378 846 2456 sinodus,
871 2378 1029 2461 siquidem
1050 2378 1155 2441 clerici
1177 2384 1267 2457 sunt,
1293 2377 1440 2441 decidant
1466 2377 1568 2461 gradu
1589 2379 1732 2461 propri03
1763 2379 1889 2442 sivero

274 2481 359 2559 laici,
379 2480 701 2544 anathematizentur!
744 2479 868 2556 Quibus
889 2479 994 2544 verbis
1015 2487 1121 2563 aperte
1140 2480 1234 2543 datur
1255 2479 1411 2562 intellegi,
1438 2479 1574 2563 qualiter
1594 2480 1691 2543 huius
1714 2479 1790 2544 mali
1812 2501 1888 2545 auc·
1902 2497 1928 2534 20

274 2590 358 2648 tores
380 2583 573 2666 dampnandi
593 2589 681 2661 sunt,
710 2581 837 2665 quando
865 2583 1031 2665 participes
1058 2590 1090 2647 et
1110 2582 1293 2645 conibentes
1313 2586 1400 2645 tanto
1426 2581 1625 2645 anathemate
1650 2582 1828 2662 feriuntur,
1859 2594 1890 2648 et

276 2686 359 2769 quod
382 2687 472 2748 iuxta
489 2687 673 2748 canonicam
685 2687 901 2749 auctoritatem
925 2685 964 2747 ad
986 2686 1134 2768 coniugia
1153 2685 1293 2767 legitima
1314 2683 1490 2767 raptassibi
1507 2686 1577 2748 iure
1599 2685 1761 2750 vindicare
1783 2685 1891 2749 nulla-

275 2794 369 2852 tcnus
390 2795 532 2871 possunt.

375 2893 422 2957 99.
463 2891 512 2955 De
532 2889 726 2970 desponsatis
747 2892 775 2952 ct
793 2889 833 2952 ab
853 2888 929 2951 aliis
948 2889 1057 2969 ruptis.
1100 2887 1148 2952 De
1168 2889 1365 2972 desponsatis
1382 2887 1497 2972 puellis
1518 2893 1549 2951 et
1568 2886 1608 2950 ab
1629 2886 1700 2950 ahie
1720 2887 1822 2971 raptis
1846 2888 1890 2949 ita

275 2994 309 3056 in
337 2993 469 3057 concilio
491 2994 679 3074 Ancyrano,
706 2993 843 3076 capitulo
871 2993 1005 3070 decimo,
1031 2993 1160 3075 legitur:
1191 2995 1417 3074 ‘Desponsatas
1449 2989 1570 3073 puellas
1598 2995 1630 3053 et
1657 2996 1727 3072 post
1753 2988 1794 3053 ab
1818 2988 1932 3053 aliisea

275 3101 379 3179 raptas
398 3096 516 3179 placuit
536 3097 605 3160 erui
626 3102 657 3159 et
680 3096 725 3159 eis
748 3095 849 3172 reddi,
878 3094 995 3177 quibus
1016 3101 1089 3158 ante
1108 3094 1234 3157 fuerant
1255 3093 1475 3176 desponsatae,
1504 3093 1628 3156 etiamsi
1649 3093 1695 3156 eis
1717 3112 1736 3155 a
1756 3093 1893 3175 raptori·

275 3197 337 3261 bus
355 3199 406 3261 ris
426 3199 524 3261 inlata
546 3196 738 3261 constiterit’
780 3196 917 3260 Proinde
945 3202 1099 3261 statutum
1127 3201 1175 3260 est
1200 3216 1218 3258 a
1247 3214 1335 3259 sacro
1365 3200 1541 3273 conventu,
1567 3199 1604 3257 ut
1627 3200 1733 3277 raptor
1760 3193 1894 3278 publica

274 3301 466 3384 poenitentia
487 3300 654 3377 multetur,
680 3305 786 3382 raptae
805 3318 899 3367 vero,
927 3300 953 3362 si
977 3319 1113 3382 sponsus
1140 3299 1280 3382 recipere
1308 3297 1445 3360 noluerit
1473 3303 1504 3361 et
1528 3298 1598 3380 ipsa
1625 3296 1728 3360 eidem
1757 3298 1892 3361 crimini

275 3404 476 3466 consentiens
496 3422 560 3465 non
582 3402 661 3482 fuit,
688 3401 815 3465 licentia
839 3401 980 3465 nubendi
1006 3401 1060 3464 alii
1080 3421 1145 3465 nou
1174 3407 1321 3484 uegetum
1349 3399 1464 3484 quodsi
1492 3404 1523 3463 et
1549 3400 1619 3483 ipsa
1637 3401 1818 3471 consensit,
1851 3402 1893 3463 si·

276 3504 343 3567 mili
371 3506 535 3568 sententia
567 3504 734 3567 subiaceat
784 3503 904 3580 Quodsi
934 3509 1004 3587 post
1037 3504 1114 3567 haec
1142 3522 1176 3567 se
1207 3504 1400 3586 coniungere
1429 3502 1711 3585 praesumpserint,
1755 3510 1933 3585 uterquee

276 3607 602 3671 anathematizentur.⁰

377 3710 442 3774 lou
484 3706 535 3771 Dc
549 3707 601 3770 tris
619 3709 676 3788 qui
698 3707 874 3787 cirpiaibas
887 3704 954 3771 Deo
974 3707 1088 3770 dantis
1107 3726 1140 3770 sc
1155 3707 1282 3770 sociant.
1323 3704 1371 3770 De
1392 3705 1538 3769 hisvero
1559 3706 1615 3788 qui
1637 3706 1736 3768 sacris
1756 3706 1893 3789 virgini·

276 3810 337 3874 bus
357 3831 391 3874 se
412 3812 533 3874 sociant
557 3813 601 3874 ita
628 3812 662 3874 in
686 3812 818 3875 decretis
839 3831 936 3895 papae
949 3811 1065 3874 Gelasii
1086 3809 1223 3893 capitulo
1234 3807 1310 3871 XX.
1333 3809 1529 3872 continetur:
1561 3805 1767 3885 ‘Virginibus
1791 3812 1892 3872 sacris

275 3920 392 3977 temere
423 3932 456 3976 se
490 3913 645 3996 quosdam
675 3915 795 3976 sociare
832 3915 1057 3996 cognovimus,
1092 3919 1124 3977 et
1157 3919 1228 3995 post
1264 3910 1404 3974 dicatum
1433 3907 1500 3974 Deo
1535 3910 1732 3993 propositum
1768 3911 1890 3974 incesta

276 4014 402 4078 loedere
422 4015 636 4097 sacrilegaque
655 4016 804 4091 miscere,
834 4035 915 4098 quos
941 4017 1085 4098 protinus
1112 4034 1252 4098 aequum
1281 4019 1329 4076 est
1349 4033 1368 4076 a
1390 4031 1479 4076 sacra
1505 4013 1731 4076 communione
1762 4012 1889 4077 detrudi
1903 4028 1929 4066 ³⁵

277 4124 323 4195 et,
349 4119 409 4181 nisi
429 4115 588 4200 publicam
608 4117 835 4201 probatamque
862 4118 984 4200 egerint
1004 4118 1245 4201 poenitentiam.
1272 4116 1403 4178 omnino
1431 4133 1494 4177 non
1517 4115 1629 4196 recipi,
1656 4120 1713 4177 aut
1734 4114 1785 4178 his
1806 4128 1891 4179 certe

278 4220 428 4282 viaticum
451 4218 489 4283 de
500 4218 607 4282 seculo
621 4218 876 4299 transcuntibus,
897 4220 922 4283 si
945 4225 1050 4282 tamen
1062 4221 1293 4302 poenituerint,
1314 4237 1379 4282 non
1391 4216 1545 4301 negetur.'
1586 4216 1620 4281 Si
1637 4236 1713 4280 vero
1734 4217 1775 4282 de
1796 4238 1892 4303 copu-

277 4320 393 4384 latione
416 4340 578 4384 saorarum
601 4322 761 4405 virginum
783 4328 848 4385 tam
868 4340 977 4385 severe
997 4321 1168 4400 feriuntur,
1197 4328 1317 4405 quanto
1338 4321 1482 4385 severius
1502 4319 1636 4384 feriendi
1657 4328 1736 4384 sunt
1756 4321 1814 4404 qui
1837 4340 1891 4385 eas

278 4424 418 4507 rapiunt!
453 4422 542 4503 ideo,
565 4425 648 4487 sicut
665 4424 875 4507 praemissum
898 4430 960 4505 est,
981 4443 1109 4488 necesse
1131 4429 1179 4488 est
1202 4429 1238 4487 ut
1256 4423 1296 4486 ab
1318 4422 1468 4487 omnibus
1487 4423 1523 4486 in
1542 4422 1715 4486 christiana
1735 4422 1889 4507 religione

278 4525 524 4589 consistentibus
545 4526 648 4609 rigore
669 4527 864 4589 auctoritatis
883 4526 1011 4591 divinae
1032 4525 1082 4590 rel
1105 4526 1261 4589 humanae
1281 4526 1341 4589 hec
1361 4525 1482 4589 malum
1504 4524 1656 4589 radicitus
1677 4532 1870 4609 amputetur.
1901 4539 1927 4577 ω

380 4631 445 4693 101.
487 4624 537 4689 De
555 4625 671 4706 puellis
689 4645 750 4706 quo
771 4629 903 4706 tempore
920 4625 1069 4690 vamur.
1111 4626 1159 4691 Ne
1174 4647 1248 4691 vero
1268 4628 1392 4711 puellae
1407 4626 1751 4699 indiscretevelentur,
1772 4626 1890 4710 placuit

278 4730 370 4794 nobis
390 4732 485 4794 etiam
498 4730 537 4793 de
549 4731 646 4793 sacris
657 4729 848 4809 canonibus,
870 4730 1006 4814 qualiter
1024 4728 1258 4793 observandum
1275 4731 1332 4810 sit,
1355 4731 1405 4793 hic
1421 4729 1540 4809 intere
1559 4728 1598 4792 dc
1618 4737 1760 4813 tempore
1781 4730 1891 4794 velan-

277 4831 391 4895 darum
410 4832 596 4916 puellarum.
637 4831 675 4896 In
697 4833 867 4897 Africanod
889 4832 1022 4896 concilio
1049 4831 1186 4915 capitulo
1209 4830 1296 4894 XVI.
1321 4834 1514 4912 continetur,
1539 4837 1576 4895 ut
1600 4850 1664 4894 non
1694 4840 1769 4896 ante
1787 4829 1888 4895 XXV

278 4953 379 4997 annos
397 4942 630 4998 consecrentur.
671 4933 752 4998 Item
772 4935 808 4997 in
827 4934 937 4998 eodem
958 4933 1105 5014 concilio,
1125 4933 1263 5017 capitulo
1284 4932 1400 4997 xcul.
1422 4934 1461 4999 de
1482 4931 1660 5016 virginibus
1681 4932 1825 4997 velandis
1847 4935 1891 4997 ita

278 5036 474 5099 continetur:
498 5035 594 5099 ‘Item
614 5036 745 5119 placuit,
770 5043 807 5100 ut
829 5038 1024 5121 quicumque
1044 5037 1263 5120 episcoporum
1284 5037 1469 5100 necessitate
1490 5035 1696 5119 periclitantis
1717 5034 1929 5119 pudicitiae&

278 5139 456 5220 virginalis,
481 5157 554 5202 cum
585 5138 635 5202 vel
662 5141 775 5223 petitor
798 5147 910 5223 potens
934 5139 983 5204 vel
1012 5145 1118 5221 raptor
1142 5138 1262 5222 aliquis
1287 5136 1488 5217 formidatur,
1526 5137 1576 5202 vel
1602 5138 1628 5202 si
1656 5139 1752 5202 etiam
1782 5138 1891 5222 aliquo

277 5239 387 5301 mortis
407 5240 582 5322 periculoso
609 5242 759 5325 scrupulo
779 5248 970 5326 compuncta
997 5241 1107 5319 fuerit,
1131 5260 1172 5305 ue
1192 5259 1258 5303 non
1279 5240 1382 5304 velata
1402 5241 1574 5321 moriatur,
1602 5246 1659 5303 aut
1686 5240 1891 5324 exigentibus

377 5484 406 5553 a)
428 5485 467 5538 ita
476 5489 614 5544 recoecod.
628 5488 816 5558 Weisseuaap„
827 5487 1123 5560 pleriqueXXXVllI,
1140 5487 1193 5541 olii
1202 5487 1401 5555 olianrfolaam
1413 5504 1553 5541 numerum
1566 5487 1696 5557 etlam
1749 5486 1782 5558 b)
1795 5487 1892 5544 cenni·

275 5571 372 5621 ventes
383 5566 507 5637 intelligo
570 5566 597 5634 e)
612 5568 694 5625 codd.
706 5569 772 5625 Par.
782 5567 869 5626 46³8.
880 5567 986 5638 10758,
997 5567 1161 5623 Medum
1172 5566 1260 5634 1⁷62,
1273 5568 1373 5626 Bomb.
1382 5568 1491 5623 addant
1503 5568 1548 5622 hic
1556 5566 1638 5622 adua
1647 5568 1685 5622 de
1696 5584 1801 5640 pom
1810 5577 1894 5641 rupta

276 5645 426 5717 capitulum
434 5664 520 5719 supra
528 5664 593 5717 pop.
607 5646 675 5704 tlt.
690 5648 737 5701 c.1
753 5649 863 5706 alitum
925 5649 955 5719 d)
974 5645 1185 5722 Carthaginensi
1196 5646 1293 5701 Gora*
1902 5672 1933 5719 μ
