4418 6226
754 365 910 423 KAROLO
930 367 1066 423 MAGNO
1087 366 1309 422 ADSCRIPTA.
1775 364 1837 429 215

328 551 356 612 l.
398 549 448 613 Si'
464 551 536 632 quis
550 569 605 632 per
618 550 755 613 cartamb
777 551 937 633 ingenuus
950 549 1100 613 dimissus
1110 549 1206 613 fuerit
1220 557 1250 613 et
1263 560 1298 611 ae
1320 548 1461 631 quolibet
1474 548 1602 612 homine
1615 549 1653 612 ad
1665 550 1829 612 servitium

227 650 443 734 interpellatus
464 652 572 730 fuerit,
598 654 698 735 primo
728 652 905 735 legitimum
933 658 1093 715 auctorem
1122 671 1198 715 suae
1219 650 1371 715 libertatis
1400 650 1536 735 pmlerat
1556 657 1587 714 et
1607 653 1639 713 in
1662 671 1720 714 sua
1740 650 1835 715 liber-

226 759 289 815 tate
310 760 495 836 perseveret.
537 752 570 817 Si
598 773 672 817 vero
699 754 880 836 legitimus(¹
912 760 1021 817 auctor
1050 754 1196 832 defuerit,
1227 753 1444 816 testimonium
1472 752 1628 816 bonorum
1656 753 1833 832 hominum,

228 856 284 936 qui
304 861 381 917 tunc
402 855 532 919 aderant
552 856 679 939 quando
702 854 781 919 liber
808 856 959 919 dimissus
979 854 1054 935 fuit,
1084 875 1117 919 se
1138 855 1304 919 defendere
1324 857 1529 939 permittatur.
1573 855 1605 919 Si
1627 875 1701 919 vero
1722 861 1836 919 testes⁰

196 955 399 1036 ademar-int,
428 976 501 1020 cum
524 957 650 1022 duabus
671 959 757 1021 aliis‘
776 959 884 1038 cartis,
913 978 995 1040 quae
1023 958 1164 1021 eiusdem
1192 957 1368 1020 cancellarii
1396 977 1491 1020 manu
1517 956 1658 1020 firmatae
1687 964 1762 1020 sunt
1782 957 1833 1020 vel

228 1056 439 1142 subscriptae,
461 1080 552 1123 suam
574 1066 691 1123 cartam
713 1079 795 1143 quae
815 1061 908 1123 tertia
928 1067 976 1124 est
996 1080 1138 1124 veracem
1159 1066 1190 1123 et
1209 1061 1382 1143 legitimam
1401 1078 1470 1122 esse
1493 1059 1665 1122 confirmet.
1709 1059 1836 1123 Cancel-

227 1159 345 1223 lau‘usss
372 1167 478 1225 tamen
505 1163 576 1225 talis
603 1181 672 1226 esse
700 1161 806 1242 debet,
842 1164 898 1245 qui
926 1162 1117 1245 pagensibus
1143 1163 1204 1224 loci
1231 1162 1316 1225 illius
1344 1169 1438 1224 notus
1466 1160 1577 1225 fuisset
1604 1167 1635 1224 et
1660 1169 1837 1245 aceeptus!

228 1260 279 1325 Sih
300 1281 375 1325 vero
398 1265 452 1346 qui
474 1265 690 1347 interpellatus
717 1264 831 1327 luerith
857 1284 916 1327 nec
946 1270 1105 1328 auctorem
1133 1283 1191 1327 nec
1218 1265 1410 1327 testimonia¹
1439 1265 1517 1326 neck
1544 1269 1646 1326 cartae
1672 1264 1838 1327 collatione

228 1365 392 1428 ostendere
412 1367 579 1448 potuerim,
599 1368 666 1450 ipse
687 1369 838 1451 quicum
859 1369 1033 1450 inscripsit¹
1055 1367 1231 1430 secundum
1252 1368 1353 1449 legem
1374 1371 1492 1428 cartam
1511 1367 1611 1448 ipsam
1631 1365 1741 1428 falsam
1763 1366 1830 1429 efli-

184 1474 209 1512 ¹⁰
228 1467 314 1529 ciatm
335 1473 366 1530 et
386 1487 514 1531 servum
538 1488 634 1532 suum
655 1471 828 1552 conquirat
869 1469 902 1533 Si
923 1489 997 1532 vero
1019 1469 1232 1552 interpellator
1247 1475 1303 1531 aut
1323 1474 1483 1531 auctorem
1505 1474 1560 1530 aut
1579 1469 1759 1530 testimonia
1780 1476 1835 1532 ant

228 1573 384 1632 cartarum
413 1569 579 1634 collatione
605 1572 708 1634 victus
735 1572 830 1636 fuerit
857 1578 887 1635 ct
914 1572 973 1634 hoc
1000 1572 1084 1655 quod
1112 1572 1246 1634 voluerit
1271 1570 1393 1633 efficere
1424 1590 1486 1632 uon
1513 1572 1666 1652 potuerit,
1699 1571 1833 1633 multam

229 1689 310 1752 quae
330 1672 362 1732 in
385 1672 453 1753 ipsa
472 1672 677 1755 ingenuitatis
698 1680 784 1736 carta
804 1676 986 1737 continetur
1006 1680 1137 1756 cogatur
1159 1672 1329 1737 exsolvere.

328 1775 356 1837 8.
399 1773 432 1837 Si
454 1775 526 1856 quis
548 1777 703 1838 seniorem
725 1795 821 1838 suum
842 1775 998 1839 dimittere
1018 1777 1153 1839 voluerit
1173 1783 1205 1838 et
1225 1777 1252 1838 ei
1275 1775 1447 1858 approbare
1456 1776 1592 1857 potuerit
1604 1794 1706 1838 unum
1718 1774 1757 1837 de
1777 1775 1827 1837 his

228 1875 429 1939 criminibus:
457 1877 490 1939 id
517 1883 565 1941 est
585 1880 686 1960 primo
711 1877 847 1961 capitulo
875 1879 902 1941 si
929 1879 1034 1941 senior
1057 1897 1132 1941 enm
1158 1879 1275 1941 iniuste
1300 1879 1334 1939 in
1363 1879 1489 1940 servitio
1517 1877 1657 1960 redigere
1684 1877 1834 1954 voluerit;

185 1993 210 2032 1⁶
229 1977 367 2041 secundo
389 1980 524 2061 capitulo
546 1982 572 2041 si
594 1981 627 2042 in
650 1981 714 2042 vita
735 1981 803 2043 eius
824 1980 1070 2058 consiliaverit¹²;
1093 1982 1182 2044 tertio
1204 1980 1339 2062 capitulo
1361 1981 1387 2042 si
1409 1981 1513 2043 senior
1533 1980 1658 2042 vassalli
1680 1981 1729 2043 sui
1753 1998 1833 2042 uxo·

228 2098 295 2143 reni
322 2080 558 2160 adulteraverit3
589 2088 700 2164 quarto
726 2084 862 2165 capitulo
890 2085 916 2146 si
943 2084 1108 2166 evaginato
1135 2083 1239 2165 gladio
1266 2101 1459 2165 supereum
1488 2083 1628 2146 occidere
1656 2082 1834 2146 voluntarie

230 2185 416 2261 occurrerit3
451 2185 563 2266 quinto
588 2185 725 2267 capitulo
752 2187 779 2248 si
806 2187 911 2248 senior
938 2184 1062 2248 vassalli
1090 2187 1141 2248 sui
1170 2185 1383 2248 defensionem
1410 2185 1511 2248 facere
1538 2191 1640 2268 potest
1664 2193 1833 2268 postquam

229 2285 297 2368 ipse
317 2305 432 2348 manus
454 2305 528 2349 suas
548 2287 601 2348 in⁰
623 2288 710 2350 eius⁰
731 2288 999 2351 commendaverit
1021 2294 1052 2351 et
1068 2307 1133 2351 non
1147 2287 1266 2366 fecerit,
1287 2288 1379 2350 liceat
1391 2287 1562 2350 vassallum
1575 2307 1647 2350 eum
1670 2287 1833 2350 dimittere.

231 2385 469 2470 Qualecumque
497 2389 535 2451 de
563 2390 633 2452 istis
665 2390 808 2473 quinque
836 2389 982 2472 capitulis
1014 2391 1119 2453 senior
1143 2396 1252 2452 contra
1278 2389 1450 2452 vassallum
1479 2409 1573 2453 suum
1604 2389 1835 2472 perpetraverit,

185 2506 212 2544 so
231 2489 322 2552 liceat
342 2491 512 2553 vassallum
535 2510 610 2554 eum
631 2491 794 2555 dimittere.

331 2676 358 2742 a)
380 2675 492 2747 Capde
508 2678 672 2732 inienuitate
687 2685 823 2732 cartamm
838 2677 949 2735 ruant.
1041 2678 1071 2742 b)
1093 2678 1293 2733 cartulamld.
1386 2676 1415 2746 e)
1436 2679 1584 2734 noant.
1679 2681 1708 2751 d)
1729 2679 1835 2734 amat.

231 2755 257 2824 e)
280 2766 308 2811 et
319 2764 403 2811 testes
412 2757 436 2811 4.
525 2758 548 2822 f)
570 2757 711 2811 (laeam.
799 2758 829 2830 gl
851 2757 1099 2813 cancellarius...
1112 2768 1244 2829 acceptus
1258 2757 1344 2813 onae,
1439 2759 1470 2825 h>
1491 2760 1520 2814 Si
1534 2768 1627 2814 autem
1643 2760 1835 2830 interpellatus

231 2837 315 2891 fuerit
327 2839 362 2891 ad
376 2837 518 2891 servitium
527 2837 552 2891 4.
633 2839 653 2898 il
674 2839 803 2892 habuerit
819 2837 920 2893 adad.
991 2838 1022 2906 k)
1045 2857 1136 2910 neque
1149 2840 1217 2893 alias
1230 2840 1298 2893 duas
1310 2847 1399 2895 cartas
1412 2842 1447 2894 ad
1460 2859 1536 2894 suam
1555 2847 1658 2895 cartam
1672 2838 1834 2895 confirman-

231 2917 430 2971 daminvenire
444 2917 578 2987 poteritd.
660 2919 680 2976 ll
702 2919 888 2989 interpellavit
898 2919 923 2972 4.
1006 2918 1044 2985 m)
1070 2918 1292 2974 essefaciat2.3.
1368 2922 1397 2990 n)
1419 2921 1541 2975 ethome
1554 2921 1607 2974 hoc
1619 2921 1740 2975 sentiens
1752 2921 1836 2975 liceat

186 3011 213 3049 25
231 3015 294 3051 eum
306 2997 446 3051 dimittere
458 2999 526 3050 (ubl.
536 2999 560 3051 1.
568 2998 593 3052 3.
675 2998 702 3065 o)
725 2999 752 3052 in
766 2999 825 3053 eius
837 3017 889 3051 cm.
899 2998 923 3053 2,
933 2999 967 3067 33
980 3002 1028 3052 aad
1040 3001 1065 3054 ei
1079 3001 1138 3070 ipse
1151 3008 1213 3052 arcte
1224 3000 1286 3068 lepit
1295 2998 1320 3054 2.

584 3659 680 3762 105.
721 3654 1111 3764 CAPITULA
1154 3656 1485 3766 ITALICA.

332 3844 474 3951 Lepztur
494 3867 739 3950 capatpraiaam
753 3867 785 3927 a‘n
807 3864 874 3928 cod.
892 3864 1136 3949 (laclfcrdytano
1154 3867 1234 3928 datar
1248 3865 1564 3947 Blandendarpeasaa
1579 3865 1646 3930 130.
1659 3865 1709 3928 52.
1728 3863 1784 3945 jbl.
1797 3865 1838 3928 'ab

232 3971 334 4055 z‘dz'que
362 3973 512 4034 zlasert'tar
531 3970 709 4054 capitelam
726 3969 959 4034 Hardstallcnea'
974 3971 1033 4035 779
1063 3972 1144 4033 abtcr
1169 3972 1277 4054 capita
1294 3973 1329 4036 18
1345 3984 1374 4034 et
1386 3974 1432 4036 19.
1483 3970 1584 4034 Haud
1608 3970 1702 4033 dubie
1731 3970 1835 4054 lampo-

233 4071 396 4134 bardt'cum
418 4085 477 4151 eat,
501 4072 603 4135 crinale
623 4071 823 4156 La'attpnunda‘
841 4073 998 4156 capitibus
1011 4075 1052 4137 30
1065 4085 1095 4136 et
1107 4074 1160 4137 lb:
1190 4085 1295 4135 ubam
1317 4072 1435 4136 Karoli
1450 4074 1619 4158 Pappz'mbe
1645 4071 1836 4156 capitulares

187 4199 213 4237 aa
226 4196 310 4257 pars
328 4176 372 4236 sit
392 4197 435 4235 aa
455 4199 476 4236 a
497 4173 601 4237 abdere
621 4173 756 4258 qaudam
781 4173 1004 4257 &repoburda'co
1025 4186 1223 4256 conceptam,
1247 4174 1363 4238 daddo.

1222 4276 1275 4355 (B.
1298 4276 1398 4356 dees&
1426 4277 1462 4340 P.
1485 4277 1512 4358 l,
1532 4278 1582 4341 38.
1603 4301 1630 4339 c.
1647 4276 1731 4350 18¹³.)

335 4431 360 4491 1.
403 4427 482 4490 ltem
505 4427 622 4510 placuit
634 4427 672 4489 de
687 4424 981 4489 sanctimonialibus
994 4425 1180 4488 mulieribus
1198 4427 1255 4508 qui
1274 4444 1307 4489 se
1321 4426 1549 4509 copulaverunt
1561 4427 1638 4489 viris
1650 4432 1705 4488 aut
1717 4425 1837 4488 adulte·

232 4530 279 4593 rio
293 4548 327 4593 se
347 4529 543 4613 polluerunt,
565 4535 600 4591 ut
613 4528 853 4611 disiungantur,
874 4535 905 4591 et
926 4528 1045 4590 intrent
1056 4528 1089 4590 in
1101 4529 1292 4590 monasteria
1309 4533 1374 4590 tam
1387 4529 1446 4591 viri
1467 4547 1628 4612 quamque
1649 4533 1680 4591 et
1698 4527 1834 4591 feminae

231 4652 305 4695 cum
327 4630 422 4694 rebus
443 4631 510 4693 suis
531 4637 655 4693 etcum
676 4629 731 4692 illa
751 4631 978 4712 compositione
1000 4649 1096 4712 quam
1124 4630 1157 4691 in
1179 4629 1305 4712 publico
1331 4629 1406 4692 dare
1427 4629 1605 4693 debuerunt
1632 4628 1681 4692 vel
1702 4628 1838 4691 mundo-

187 4756 215 4798 u
232 4733 302 4797 aldo
324 4734 401 4796 eius
442 4731 490 4795 De
510 4732 572 4794 illis
594 4751 667 4795 vero
688 4733 764 4794 viris
785 4732 979 4814 paupertinis
1007 4732 1062 4813 qui
1085 4731 1163 4793 nihil
1191 4730 1320 4811 habeut,
1347 4738 1382 4794 ut
1402 4752 1498 4815 supra
1518 4738 1550 4794 et
1569 4733 1629 4815 ipsi
1651 4731 1836 4813 disiungan-

232 4843 297 4914 tur,
325 4841 356 4898 et
377 4836 403 4897 si
426 4853 475 4897 res
497 4853 560 4896 non
582 4832 698 4896 habent
719 4833 853 4916 qualiter
872 4835 907 4895 in
928 4834 1117 4896 monasterio
1140 4833 1263 4900 vivant.
1288 4841 1432 4916 parentes
1460 4834 1596 4916 proximi
1617 4851 1671 4896 eos
1693 4833 1834 4895 nutriant

232 4944 263 5000 et
283 4943 428 5013 caveant,
450 4937 563 4999 iterum
586 4955 650 4999 non
671 4941 806 5018 peccent
856 4933 946 5010 Quod
969 4936 994 4998 si
1016 4935 1153 5017 amplius
1173 4936 1207 4997 in
1228 4936 1296 5017 ipso
1319 4934 1402 4997 mala
1422 4937 1622 5014 accesserint,
1644 4933 1835 4997 mundoaldo

232 5040 301 5102 eius
322 5039 362 5101 sit
382 5036 547 5120 culpabilis
559 5037 675 5100 solidos
688 5035 800 5117 XXX,
821 5043 851 5101 et
872 5039 939 5120 ipsa
950 5038 1046 5100 intret
1058 5039 1091 5099 in
1104 5039 1330 5099 monasterium
1351 5056 1425 5099 eum
1436 5056 1536 5120 poena
1552 5056 1634 5119 quae
1644 5035 1836 5100 mundoaldo

230 5141 300 5203 eius
322 5138 513 5222 obligaverat
533 5145 658 5203 etcum
679 5138 733 5201 illa
753 5140 979 5222 compositione
994 5138 1139 5201 adulterii
1161 5139 1221 5201 sui.
1267 5137 1394 5200 Ancilla
1412 5157 1501 5217 vero,
1523 5157 1699 5221 quaecum
1722 5137 1837 5200 volun·

187 5273 215 5311 40
231 5247 294 5304 tate
321 5241 440 5304 domini
468 5242 519 5304 sui
540 5246 660 5304 vestem
686 5241 864 5324 religiosam
886 5241 1059 5322 susceperit
1085 5247 1116 5303 et
1136 5240 1336 5323 postmodum
1359 5240 1581 5304 adulteraverit
1608 5246 1664 5303 aut
1684 5240 1834 5302 maritum

234 5343 375 5422 duxerit,
396 5344 441 5405 si⁸
462 5343 611 5405 dominus
631 5345 701 5406 eius
721 5343 888 5427 culpabilis
910 5343 966 5406 sol.
990 5342 1012 5404 1.

335 5529 363 5589 al
385 5530 421 5582 sit
436 5530 526 5582 com?

840 5616 1235 5625 —————-—-—-·
