4380 6248
828 395 974 451 KAROLI
996 395 1122 451 MAGNI
1143 395 1413 454 capuensem
1886 396 1925 460 75

315 576 576 661 metropolitanus
598 596 663 640 non
683 579 783 661 possit
804 578 960 660 corrigere
980 577 1031 641 vel
1051 577 1229 662 pacificare,
1251 585 1327 642 tune
1349 578 1475 642 tandem
1492 580 1623 642 veniant
1638 587 1834 645 accusatores
1850 601 1925 646 cnm

314 685 465 742 accusatu
486 698 559 742 cum
581 679 692 742 litteris
713 679 967 763 metropolitano,
991 685 1028 743 nt
1048 681 1186 743 sciamus
1208 681 1372 744 veritatem
1393 681 1459 744 ren.

416 782 442 845 i.
484 779 681 844 Definitum⁹
702 788 749 845 est
770 802 788 844 a
811 781 928 845 domno
949 800 1023 865 rege
1048 787 1079 845 et
1105 788 1213 845 sancta
1234 781 1371 864 synodo,
1399 789 1435 846 ut
1461 783 1626 866 episcopus
1654 803 1718 847 non
1749 784 1862 868 migret
1886 784 1925 847 de

315 884 440 947 civitate
461 884 494 946 in
521 885 662 961 civitate,
695 884 750 948 sed
779 903 890 947 curam
919 883 1030 947 lrabeat
1058 883 1207 947 ecclesiae
1232 903 1322 962 suae;
1353 884 1498 947 similiter
1522 883 1687 968 presbyter
1713 892 1744 949 et
1773 885 1925 949 diaconus

281 993 441 1049 amanen
462 987 495 1048 in
518 1005 592 1050 snas
613 986 760 1050 eeclesias
781 987 950 1050 canonicae
960 988 995 1048 ¹⁰.
1393 996 1395 999 ’

417 1090 444 1153 8.
486 1086 534 1151 De
556 1087 755 1151 altercatione
775 1087 931 1152 Ursione¹t
950 1087 1144 1153 Viennensis
1165 1088 1302 1172 episcopi
1327 1094 1358 1151 et
1386 1087 1536 1151 advocato
1557 1087 1709 1152 Elifanto¹
1731 1089 1926 1153 Arelatensis

317 1190 456 1273 episcopi
469 1190 567 1253 lectae
583 1197 658 1253 sunt
673 1190 821 1274 epistolae
834 1188 918 1254 beati
934 1189 1089 1274 Gregorii,
1111 1189 1241 1269 Zosimi,
1263 1187 1377 1253 Leonis
1392 1196 1424 1253 et
1435 1189 1624 1270 Simmachi,
1645 1210 1728 1274 qnae
1741 1190 1926 1254 difinierunt

316 1310 353 1356 eo
383 1292 467 1375 quod
486 1290 679 1355 Viennensis
706 1292 838 1356 ecclesia
872 1290 1021 1375 quattuor
1052 1292 1265 1375 suffraganeas
1298 1290 1413 1355 habere
1441 1292 1532 1355 sedes
1559 1291 1699 1371 deberet,
1730 1292 1848 1376 quibus
1874 1293 1926 1356 illa

317 1395 429 1477 quinta
449 1396 671 1477 praemineret,
694 1394 733 1457 ad
748 1394 942 1457 Arelatensis
964 1393 1095 1457 ecclesia
1116 1403 1256 1456 novembn
1278 1393 1491 1477 suffraganeas
1509 1393 1624 1458 habere
1644 1394 1785 1473 deberet,
1808 1394 1926 1478 quibus

271 1517 298 1554 io
317 1497 384 1579 ipsa
409 1497 624 1579 praemineret
672 1494 719 1560 De
739 1495 921 1559 Tarentasia
946 1515 1020 1559 vero
1048 1502 1080 1559 et
1106 1494 1279 1559 Eberduno
1306 1496 1374 1559 sive
1395 1496 1537 1579 Aquisll
1566 1496 1679 1579 legatio
1706 1495 1785 1560 iacta
1811 1504 1859 1560 est
1886 1497 1925 1559 ad

317 1597 423 1661 sedern
443 1597 661 1681 apostolicam,
689 1603 720 1662 et
741 1598 892 1681 quiequid
914 1616 970 1682 per
994 1597 1174 1682 pontificem
1195 1596 1356 1661 Romanae
1377 1597 1526 1661 ecelesiae
1547 1596 1714 1661 definitum
1734 1597 1846 1678 fuerit,
1867 1599 1925 1661 hoc

317 1706 468 1763 teneatur.

415 1804 444 1866 b.
485 1800 661 1866 Definitum
682 1807 730 1865 est
750 1803 844 1865 etiam
872 1801 911 1864 ab
933 1802 1044 1865 eodem
1074 1801 1189 1864 domno
1215 1820 1289 1885 rege
1316 1803 1383 1866 sive
1411 1823 1429 1865 a
1455 1809 1563 1866 sancta
1590 1802 1727 1884 synodo.
1754 1810 1790 1866 ut
1812 1802 1926 1867 Petrus

316 1905 522 1987 episcopus¹²
549 1911 730 1967 contestans
757 1923 862 1966 coram
883 1902 950 1967 Deo
972 1909 1003 1967 et
1024 1904 1144 1987 angelis
1164 1905 1233 1967 eius
1255 1905 1372 1967 iuraret
1397 1924 1473 1967 eum
1500 1903 1625 1967 dnobus
1646 1912 1702 1968 ant
1721 1904 1824 1969 tribus
1845 1907 1927 1968 sient

271 2007 524 2069 uenerationem
545 2007 696 2090 suscepit,
722 2013 779 2069 aut
806 2015 889 2070 certe
917 2026 991 2069 eum
1014 2025 1073 2069 suo
1094 2006 1341 2089 archiepiscopo,
1369 2006 1454 2088 qnod
1475 2006 1528 2070 ille
1549 2008 1581 2069 in
1604 2014 1735 2070 mortem
1759 2009 1841 2090 mgis
1859 2009 1926 2071 sive

315 2109 350 2171 in
372 2127 469 2191 regno
490 2110 560 2172 eins
583 2128 646 2172 non
673 2108 867 2172 consiliasset
878 2109 905 2153 ¹³
926 2121 1003 2171 necu
1029 2110 1057 2171 ei
1079 2107 1216 2171 infidelis
1237 2107 1377 2171 fuissem
1421 2106 1483 2183 Qui
1504 2109 1701 2193 episcopus0,
1733 2108 1830 2171 dum⁰
1851 2128 1925 2175 euin

317 2209 434 2293 quibus
455 2210 574 2274 iuraret
594 2229 658 2273 non
680 2212 866 2289 invenisset,
896 2210 991 2293 elegit
1011 2210 1069 2273 sibi
1092 2213 1173 2294 ipse,
1202 2217 1238 2273 ut
1260 2230 1339 2274 suus
1360 2211 1454 2274 homo
1473 2212 1512 2274 ad
1536 2209 1595 2274 Dei
1619 2210 1771 2274 indicium
1792 2213 1868 2291 ilet,
1895 2219 1927 2275 et

316 2311 406 2375 ille¹⁴
433 2317 600 2375 testaretur
625 2310 745 2395 absque
772 2312 915 2395 reliquiis
938 2320 969 2375 et
989 2312 1110 2396 absque
1135 2314 1252 2376 sanetis
1280 2313 1471 2396 euangeliis,
1499 2313 1698 2377 solummodo
1720 2333 1826 2376 coram
1847 2312 1925 2385 Deo,

317 2413 403 2497 qnod
424 2413 477 2476 ille
497 2414 652 2477 innocens
677 2413 792 2477 exinde
822 2420 918 2493 esset,
949 2421 981 2477 et
1006 2415 1182 2478 secundnm
1210 2416 1279 2477 eins
1304 2416 1519 2478 innocentiam
1539 2414 1627 2479 Deus
1653 2415 1816 2479 adiuvaret
1835 2416 1926 2479 illum

270 2536 413 2580 ausuum
437 2516 612 2595 hortunam,
642 2517 697 2599 qni
718 2516 758 2578 ad
780 2515 870 2579 illum
900 2516 1052 2579 indicium
1075 2519 1221 2580 exiturus
1247 2524 1313 2580 erat
1333 2523 1364 2580 et
1384 2518 1491 2581 exivit.
1538 2517 1655 2580 Tamen
1681 2519 1750 2581 eins
1772 2518 1865 2581 homo
1887 2518 1926 2581 ad

317 2617 471 2681 indicium
491 2616 566 2696 Dei,
594 2637 699 2701 neque
725 2637 780 2701 per
800 2619 882 2701 regis
911 2619 1139 2683 ordinationem
1168 2639 1272 2703 neque
1301 2625 1490 2703 persancte
1517 2619 1639 2700 synodo
1661 2639 1845 2699 censuram,
1871 2620 1926 2684 sed

317 2729 490 2803 spontanea
510 2719 687 2799 voluntate,
713 2722 768 2802 qui
796 2722 891 2783 etiarn
912 2741 931 2783 a
951 2719 1088 2785 Domino
1109 2722 1274 2800 liberatus,
1304 2722 1437 2785 idonens
1467 2723 1573 2784 exirit.
1623 2720 1795 2785 Clementia
1821 2735 1926 2785 tamen

316 2823 400 2906 regis
421 2823 519 2885 nostri
538 2821 675 2905 praelato
702 2824 846 2906 episeopo
871 2824 1004 2906 gratiam
1033 2843 1124 2886 snam
1151 2824 1285 2887 contulit
1310 2830 1341 2887 et
1360 2824 1501 2906 pristinis
1528 2823 1702 2887 honoribus
1723 2843 1796 2887 eum
1817 2824 1928 2887 ditarit

317 2943 376 2988 nec
400 2945 526 3009 passus,
552 2944 625 2988 eum
654 2943 722 2988 esse
752 2926 820 2988 sine
846 2925 979 3006 bonore,
1010 2945 1104 3008 quem
1131 2927 1292 3010 prospexit
1313 2926 1351 2989 de
1378 2927 1550 3008 composito
1579 2927 1712 2990 crimine
1740 2926 1818 2988 nihil
1846 2926 1927 2989 male

270 3052 298 3091 aa
317 3028 479 3091 meruisse.

420 3133 465 3195 io.
507 3128 702 3193 Definitumr
724 3130 851 3212 quidem
880 3150 900 3191 a
927 3129 1043 3193 domno
1069 3150 1142 3213 rege
1162 3137 1194 3192 et
1219 3151 1237 3192 a
1263 3136 1370 3193 sancta
1397 3130 1520 3211 synodo
1548 3141 1635 3193 esse‘l
1662 3129 1864 3209 dinosciturt,
1894 3137 1928 3192 ut

319 3230 504 3295 (laerbodus
514 3232 550 3308 ¹⁵,
578 3233 632 3315 qui
661 3251 695 3295 sc
716 3233 898 3315 episcopum
920 3251 989 3295 esse
1010 3231 1132 3296 dicebat
1159 3239 1189 3295 et
1217 3233 1267 3295 sui
1289 3232 1494 3295 ordinationis
1516 3238 1611 3295 testes
1638 3251 1701 3294 non
1724 3231 1848 3311 habuit,
1870 3233 1925 3315 qui

318 3341 425 3397 tamen
445 3334 632 3417 episcopalia
653 3354 672 3396 a
692 3333 866 3417 Magnardo
886 3334 1124 3417 metropolitano
1146 3334 1329 3418 episcopo¹⁶
1349 3339 1554 3397 consecutusr
1575 3341 1637 3413 est,
1661 3335 1716 3416 qui
1739 3336 1833 3396 etiam
1855 3353 1926 3416 prti-

317 3436 421 3500 iessus
442 3443 490 3499 est
510 3435 677 3499 diaconus*
703 3445 733 3500 et
754 3435 963 3519 presbiterum
992 3456 1057 3499 non
1084 3435 1260 3500 secundnm
1283 3437 1465 3500 canonicam
1488 3436 1717 3499 ordinationem
1746 3435 1926 3498 ordinatum

271 3560 300 3598 ao
318 3557 397 3616 esse,
419 3543 454 3601 nt
474 3537 514 3601 ab
535 3538 644 3601 eodem
665 3539 765 3621 gradu
787 3539 985 3623 episcopatus
1007 3539 1091 3621 quod
1113 3539 1152 3602 de
1174 3557 1207 3601 se
1228 3538 1342 3602 habere
1363 3537 1484 3601 dicebat
1501 3537 1711 3621 deponeretur
1730 3558 1749 3600 a
1769 3536 1926 3620 praedicto

318 3639 555 3722 metropolitano
577 3642 645 3703 sive
665 3661 683 3703 a
703 3640 1011 3724 conprovincialibus
1032 3642 1194 3724 episcopis.

422 3744 467 3806 ll.
511 3741 754 3805 Ut1⁷m0nachi
777 3742 816 3805 ad
844 3742 1017 3805 saecularia
1039 3744 1164 3825 nogotia
1190 3762 1295 3825 neque
1322 3742 1360 3804 ad
1387 3742 1500 3825 placita
1519 3741 1693 3805 exercenda
1716 3761 1779 3803 non
1803 3750 1926 3817 exeant,

318 3844 379 3908 nisi
402 3845 444 3908 ita
464 3842 581 3906 iaciant
600 3845 681 3906 sicut
702 3845 770 3927 ipsa
790 3844 898 3928 regula
919 3845 1083 3927 praecepit

420 3950 466 4012 12.
512 3946 553 4011 Ut
574 3946 688 4011 reclusi
709 3966 772 4008 non
793 3946 884 4009 fiant*
904 3948 966 4009 nisi
987 3966 1068 4030 quos
1088 3955 1161 4011 ante
1181 3949 1346 4030 episcopus
1359 3947 1534 4029 provintiae
1553 3954 1647 4029 atque
1666 3944 1764 4008 abbas
1785 3965 1926 4028 compro·

269 4049 474 4128 abnuerint,
496 4059 527 4114 et
547 4050 724 4114 secundum
747 4069 857 4113 eornm
879 4050 1115 4133 dispositionem
1139 4051 1169 4112 in
1194 4049 1378 4112 reclusionis
1400 4048 1467 4110 loco
1489 4047 1713 4131 ingrediantur.

419 4154 465 4216 13.
506 4152 549 4215 Ut
569 4151 667 4214 abbas
687 4171 761 4214 cum
784 4154 851 4214 suis
872 4152 1008 4215 dormiat
1028 4152 1190 4215 monachis
1212 4151 1388 4214 secundum
1407 4150 1549 4233 regulam
1571 4150 1670 4212 saneti
1696 4148 1855 4212 Benedicti
1866 4151 1899 4210 ¹²⁵.

420 4255 464 4316 14.
505 4253 549 4315 Ut
569 4253 720 4316 cellerarii
744 4254 775 4316 in
799 4256 998 4318 monasteriis
1019 4256 1104 4317 avari
1125 4274 1188 4316 non
1204 4253 1383 4336 elegantur,
1405 4252 1458 4316 sed
1482 4252 1558 4315 tales
1579 4252 1690 4314 eleeti¹¹
1712 4252 1795 4313 sintu
1818 4251 1926 4334 quales

317 4353 425 4436 regula
446 4355 544 4416 sancti
565 4353 726 4418 Benedicti
736 4356 763 4399 ¹9
785 4355 882 4419 docet.

419 4652 440 4722 i)
461 4652 642 4722 e113eius23
657 4651 696 4706 rei
710 4652 764 4703 iarn
779 4669 849 4704 coia.
866 4650 948 4703 Siren.
1008 4650 1038 4719 k)
1061 4650 1197 4719 risionc13
1212 4650 1359 4720 nisione‘l,
1374 4650 1460 4705 [frene
1473 4649 1544 4702 abira
1557 4649 1666 4701 dean.
1709 4648 1729 4718 1)
1751 4647 1893 4718 eliphanto
1902 4649 1927 4699 2.

269 4753 297 4793 4ο
317 4731 356 4802 ιη)
380 4732 469 4786 codd.
486 4734 510 4787 1.
523 4732 549 4786 ⁴2.
568 4733 676 4785 verbum
695 4750 794 4786 noveru
808 4751 859 4802 pro
876 4733 941 4784 troad
954 4732 1050 4801 cupitis
1065 4748 1176 4783 reventere
1194 4740 1296 4801 pronciat
1313 4740 1338 4783 et
1356 4737 1589 4800 panormeorum
1607 4736 1748 4779 aiunternnt
1759 4727 1793 4780 X.
1804 4727 1853 4780 XI.
1868 4727 1926 4780 rell.

317 4812 347 4881 n)
367 4813 569 4868 nec...fuisset
584 4812 670 4866 orn.2.
743 4813 771 4879 ο)
793 4811 1052 4882 durnepieeopnsl.
1130 4812 1159 4881 p)
1181 4812 1337 4865 estuddl
1412 4809 1442 4880 q)
1463 4808 1591 4863 deeith.
1653 4807 1676 4875 τ)
1698 4807 1928 4874 domabit-mg

317 4893 482 4948 coniunctus
491 4893 535 4946 ved
546 4894 709 4948 convinctus
723 4895 805 4946 codd.
818 4893 874 4946 ta.
956 4890 980 4947 al
1000 4891 1132 4945 diaconos
1140 4891 1165 4944 2.
1246 4893 1268 4959 n
1291 4889 1429 4945 lanianti.
1511 4896 1543 4948 u)
1564 4887 1684 4959 eligendi
1698 4888 1796 4942 eunti.

418 5183 447 5254 9)
471 5182 877 5252 Qsr.1ldrnon.pca.789,c.tl.
962 5185 1009 5253 lb).
1033 5183 1114 5236 Cirtae.
1130 5177 1495 5234 lt'icnen.15.Ann'‹›cb.‘21.
1565 5177 1614 5245 11)
1636 5176 1814 5230 Monatieren
1829 5177 1930 5229 Turen-

317 5280 822 5350 taae,Emoran,Atx,·csr.Hes010,
838 5279 1122 5349 Cbtacilicnpeachiclata
1129 5279 1170 5331 II.
1181 5277 1239 5331 590
1255 5277 1313 5343 (cd.
1329 5277 1392 5344 alt.)
1459 5274 1509 5345 12)
1529 5273 1730 5328 Virodunemib.
1785 5273 1928 5342 1331112110

267 5398 298 5436 aa
315 5376 481 5430 Mitto
496 5377 829 5444 camllararadoeomna;
841 5377 895 5444 cfr.
905 5375 1110 5446 Gnataepiacop.
1121 5376 1295 5428 Virodunens.
1306 5393 1330 5427 c.
1341 5374 1386 5427 14.
1396 5373 1454 5440 (M.
1464 5372 1501 5426 G.
1510 5372 1621 5442 δῶρα.
1629 5372 1681 5425 11'.
1691 5371 1751 5439 44.)
1807 5370 1855 5429 143
1867 5371 1928 5441 Iptoa

316 5473 462 5546 olimpias.
539 5473 587 5546 15)
608 5475 728 5544 Iprwtaa.
799 5473 846 5543 16)
868 5473 1078 5542 Rotomogenoi;
1091 5474 1167 5542 casto
1181 5491 1241 5543 cop.
1255 5473 1338 5538 ma'ae„
1351 5470 1532 5525 Romanoa.
1607 5469 1656 5539 l‘t')
1681 5468 1740 5537 er.
1755 5468 1834 5538 legul.
1847 5469 1928 5522 rediet.

318 5570 383 5627 rao.
397 5553 475 5627 a'ao.
560 5572 608 5642 ie)
629 5572 699 5642 aaa.
714 5571 872 5626 amaa.
957 5569 1482 5641 19)l.e.31;esr.laq.e‹t.tsa.c.n.

1673 5674 1725 5727 10*
