4380 6248
811 382 956 438 KAROLI
978 383 1104 439 MAGNI
1126 383 1395 441 caemcntum
1853 385 1910 449 129

300 565 504 649 precipimuS,
534 570 570 628 ut
589 564 699 628 nullus
721 583 762 628 ex
782 564 832 627 his
854 564 956 628 tribus
976 563 1127 628 fratribus
1148 566 1300 650 suscipiat
1318 565 1357 628 de
1387 585 1485 649 regno
1506 568 1636 631 alterius
1655 588 1674 631 a
1696 567 1836 652 quolibet
1855 570 1910 632 ho·

301 668 386 731 mine
406 667 608 730 traditionem
622 667 671 730 vel
692 666 906 730 venditionem
919 685 1026 730 rerum
1039 665 1265 737 immobilium,
1287 668 1346 731 hoc
1368 674 1415 732 est
1436 674 1605 737 terrarum.
1627 671 1793 734 vinearum
1815 678 1910 754 atque

303 768 454 832 silvanrm
477 787 706 852 servorumque
730 770 785 851 qui
796 769 861 831 iam
872 770 968 831 casati
990 775 1065 832 sunt
1081 769 1148 832 sive
1164 775 1338 833 ceterarum
1356 789 1463 833 rerum
1484 790 1565 854 quae
1579 771 1759 837 hereditatis
1781 773 1910 836 nomine
1993 854 1996 861 Ι

301 877 485 943 censentur,
506 878 636 953 excepto
657 890 753 950 auro,
774 878 903 953 argento
924 877 955 934 et
972 871 1124 954 gemmiS,
1145 873 1241 934 armis
1262 891 1298 934 ac
1320 871 1461 936 vestibus
1476 891 1600 937 necnon
1614 880 1645 937 et
1658 875 1824 958 mancipiis
1845 894 1909 937 non

266 990 280 1028 a
298 973 412 1036 casatis
433 978 464 1036 et
485 973 534 1035 his
555 971 719 1056 speciebus
741 991 823 1055 quae
842 973 968 1056 proprie
988 972 1027 1035 ad
1047 974 1254 1056 negotiatores
1274 974 1430 1057 pertinere
1449 980 1633 1037 noscuntur.
1677 973 1814 1039 Caeteris
1834 995 1909 1038 vero

298 1072 405 1137 liberis
427 1073 611 1137 hominibus
631 1074 690 1136 hoc
710 1075 842 1137 minime
863 1074 1114 1139 interdicendum
1134 1076 1355 1139 iudicavimus

402 1180 446 1239 12.
488 1174 522 1239 δί
544 1195 627 1259 quae
649 1182 755 1239 autem
775 1176 925 1254 feminae,
947 1177 1029 1240 sicut
1048 1176 1116 1240 fieri
1138 1177 1229 1256 solet,
1248 1179 1331 1241 inter
1347 1186 1451 1260 partes
1467 1183 1497 1241 et
1509 1197 1606 1261 regna
1619 1178 1774 1262 legitime²
1793 1179 1911 1242 fuerint

298 1277 338 1340 ad
362 1279 548 1361 coniugium
568 1277 756 1361 postulatae.
777 1297 842 1340 non
864 1278 1061 1360 denegentur
1080 1279 1163 1342 iuste
1183 1279 1402 1363 poscentibus,
1424 1279 1480 1343 sed
1497 1280 1654 1344 liceateas
1676 1282 1815 1345 vicissim
1836 1281 1910 1344 dare

298 1387 330 1444 et
358 1381 499 1463 accipere
529 1388 559 1443 et
586 1378 802 1443 adfinitatibus
829 1380 962 1463 populos
989 1381 1070 1443 inter
1098 1401 1132 1444 se
1158 1383 1277 1445 sociari.
1332 1381 1423 1465 Ipsae
1454 1401 1528 1445 vero
1562 1382 1699 1446 feminae
1726 1390 1910 1467 potestatem

253 1502 280 1539 ιο
301 1481 436 1546 habeant
455 1502 562 1546 rerum
592 1502 723 1545 suarum
749 1483 783 1545 in
811 1501 907 1566 reguo
936 1482 1021 1546 unde
1048 1485 1215 1551 exierant².
1244 1494 1457 1567 quamquam²
1485 1485 1518 1546 in
1545 1484 1605 1547 alio
1635 1486 1778 1569 propterh
1806 1487 1909 1550 mariti

300 1585 480 1647 societatem
501 1583 657 1647 habitare⁰
679 1583 819 1647 debeant.

402 1688 447 1750 13.
488 1684 537 1750 De
559 1685 724 1749 obsidibus
745 1693 851 1750 autem
882 1688 936 1770 qui
963 1695 1090 1770 propter·
1117 1688 1291 1752 credentias
1316 1689 1380 1752 dati
1406 1694 1482 1751 sunt
1508 1695 1538 1752 et
1559 1709 1577 1751 a
1599 1688 1690 1753 nobis
1711 1708 1767 1773 per
1787 1690 1911 1754 diversa

299 1789 368 1852 loca
388 1788 427 1852 ad
450 1788 693 1852 custodiendum
716 1789 861 1852 destinati
890 1796 967 1852 sunt
987 1789 1155 1868 volumuS,
1181 1796 1217 1852 ut
1242 1790 1294 1853 ille
1320 1810 1376 1854 rex
1404 1792 1437 1853 in
1463 1792 1556 1854 cuius
1575 1810 1671 1872 reguo
1693 1800 1769 1855 sunt
1790 1791 1911 1875 absquo

299 1890 461 1954 voluntate
481 1890 585 1954 fratris
607 1892 658 1954 sui
680 1890 719 1953 de
738 1892 831 1953 cuius
852 1909 949 1974 regno
964 1891 1081 1954 sublati
1096 1892 1217 1955 suntin
1233 1893 1365 1974 patriam
1380 1912 1433 1956 eos
1450 1893 1550 1956 redire
1571 1912 1635 1956 non
1657 1895 1831 1976 permittat,
1855 1895 1909 1959 sed

254 2011 279 2049 n
299 1994 408 2076 potius
432 1995 465 2056 in
492 1995 639 2057 futurum
667 1995 700 2055 in
727 1992 937 2076 suscipiendis
967 1993 1130 2056 obsidibus
1161 1994 1239 2057 alter·
1272 1994 1359 2057 alteri
1388 2002 1538 2057 mutuum
1572 1995 1649 2058 ferat
1676 1996 1848 2075 auxilium,
1883 1999 1909 2060 si

298 2096 393 2158 frater
421 2096 549 2160 fratrem
578 2097 636 2159 hoc
662 2095 765 2158 facere
794 2093 1022 2157 rationabiliter
1048 2095 1266 2178 postulaverit:
1296 2096 1379 2159 idern
1405 2096 1554 2160 iubemus
1579 2106 1610 2160 et
1636 2097 1674 2161 de
1702 2097 1752 2160 his
1773 2100 1828 2181 qui
1855 2118 1909 2181 pro

298 2199 366 2260 suis
387 2197 581 2261 facinoribus
602 2200 635 2260 in
658 2198 789 2261 exilium
812 2198 900 2260 missi
921 2197 972 2260 vel
993 2198 1138 2261 mittendi
1159 2204 1242 2261 sunt.

402 2301 446 2363 14.
488 2300 520 2363 Si
545 2320 641 2363 causa
666 2300 716 2363 vel
744 2301 877 2361 intentio
906 2300 993 2362 sive‘l
1021 2300 1253 2363 controversiad
1280 2299 1351 2362 talis
1376 2301 1459 2363 inter·
1483 2307 1586 2382 partes
1613 2307 1739 2383 propter
1759 2303 1910 2365 terminos

298 2409 354 2465 aut
375 2401 516 2464 confinia
537 2422 706 2484 regnorum
729 2411 798 2465 orta
823 2401 930 2478 fuerit,
958 2421 1039 2483 quae
1064 2402 1230 2464 hominum
1252 2402 1430 2464 testimonio
1456 2401 1605 2465 declarari
1630 2403 1680 2465 vel
1702 2402 1825 2466 definhi
1845 2423 1908 2467 non

252 2524 280 2561 2⁰
303 2506 416 2588 possit,
444 2514 521 2568 tuuc
548 2505 697 2568 volumus
724 2514 760 2569 nt
786 2505 825 2568 ad
855 2505 1096 2568 declarationem
1123 2505 1167 2567 rei
1203 2502 1316 2567 dubiae
1342 2504 1459 2566 iudicio
1488 2505 1590 2567 crucis
1618 2502 1677 2567 Dei
1705 2505 1852 2568 voluntas
1880 2512 1911 2569 et

301 2625 405 2670 rerum
428 2608 544 2670 veritas
563 2607 754 2688 inquiratur,
777 2626 998 2688 necunquam
1019 2625 1075 2688 pro
1100 2605 1154 2668 tuli
1176 2624 1271 2667 causa
1293 2604 1461 2669 cuiuslibet
1481 2608 1605 2688 generis
1627 2626 1733 2689 pugna
1755 2607 1804 2671 vel
1827 2627 1910 2671 cam·

299 2729 359 2791 pus
386 2708 424 2771 ad
452 2709 719 2772 erranrinationem
746 2709 911 2772 iudicetur.
960 2707 992 2771 Si
1019 2727 1093 2770 voro
1122 2705 1253 2790 quilibet
1282 2707 1374 2769 homo
1403 2707 1441 2770 de
1469 2727 1533 2770 uno
1561 2727 1658 2791 regno
1684 2709 1845 2772 hominem
1872 2711 1911 2774 de

299 2811 395 2874 altero
416 2830 514 2894 regno
542 2810 582 2873 de
602 2809 788 2875 infidelitate
809 2818 918 2874 contra
938 2810 1065 2874 fratrem
1087 2808 1207 2872 domini
1229 2810 1280 2872 sui
1300 2808 1384 2892 apud
1406 2809 1572 2872 dominum
1593 2829 1688 2873 suum
1709 2813 1911 2891 accusaverit

300 2913 402 2975 nrittat
423 2932 495 2975 enrn
525 2912 675 2976 domiuus
704 2914 772 2976 eius
802 2913 841 2976 ad
869 2912 997 2975 fratrem
1025 2931 1137 2990 suum,
1163 2920 1199 2974 ut
1224 2909 1267 2974 ibi
1294 2912 1475 2994 comprobet
1500 2912 1585 2995 quod
1611 2912 1649 2976 de
1676 2913 1803 2977 homine
1823 2914 1909 2978 illius

252 3032 280 3070 ετ»
299 3014 388 3077 dixit.

402 3119 448 3180 ln.
492 3117 593 3200 Super·
614 3118 720 3180 omnia
742 3125 848 3179 autem
871 3114 1019 3179 iubemus
1040 3122 1137 3198 atque
1160 3117 1386 3200 praecipimus,
1407 3122 1443 3180 ut
1464 3117 1524 3199 ipsi
1540 3125 1603 3180 tres
1617 3116 1728 3180 fratres
1749 3136 1858 3181 curam
1879 3125 1911 3181 et

300 3218 513 3282 defensionem
536 3219 684 3282 ecclesiae
705 3219 804 3281 sancti
832 3216 917 3281 Petri
945 3219 1118 3301 suscipiant
1146 3218 1257 3296 simul,
1282 3219 1365 3281 sicut
1390 3218 1551 3301 quondam
1577 3219 1616 3281 ab
1639 3239 1697 3282 avo
1719 3227 1826 3282 nostro
1847 3218 1910 3282 Ka·

301 3320 367 3382 rolo
389 3330 420 3384 et
440 3320 549 3384 beatae
567 3322 737 3384 memoriae
758 3322 900 3404 genitore
921 3328 1028 3382 nostro
1044 3319 1179 3404 Pippino
1200 3339 1273 3402 rege
1294 3327 1325 3382 et
1345 3341 1363 3382 a
1387 3320 1478 3383 nobis
1498 3326 1605 3404 postea
1626 3329 1771 3405 suscepta
1792 3327 1854 3389 est.
1875 3329 1911 3385 ut

300 3440 370 3485 eam
396 3442 470 3486 cum
491 3421 550 3486 Dei
572 3422 726 3486 adiutorio
747 3422 786 3485 ab
807 3420 952 3485 hostibus
973 3421 1138 3486 defendere
1163 3424 1306 3485 nitantur
1331 3429 1361 3485 et
1381 3423 1534 3485 iustitiam
1562 3442 1668 3501 suam,
1694 3433 1848 3505 quantum
1870 3423 1909 3487 ad

252 3544 280 3581 ευ
301 3525 389 3608 ipsos
408 3527 544 3608 pertinet
563 3534 594 3589 et
615 3526 694 3589 ratio
716 3525 936 3607 postulaverit,
955 3522 1069 3588 habere
1091 3525 1215 3588 faciant.
1258 3523 1409 3588 Similiter
1425 3533 1455 3587 et
1471 3524 1510 3587 de
1522 3525 1652 3588 caeteris
1668 3524 1808 3588 ecclesiis
1829 3544 1911 3608 quae

301 3625 361 3690 snb
390 3627 517 3690 illorum
545 3628 663 3690 fuerint
690 3634 844 3710 potestate
872 3628 1079 3710 precipimus,
1106 3633 1141 3689 ut
1169 3628 1322 3689 iustitiam
1349 3646 1440 3690 suam
1469 3634 1499 3689 et
1526 3627 1676 3689 honorem
1703 3625 1853 3699 habeant,
1880 3633 1912 3689 et

301 3737 441 3811 pastores
463 3738 558 3813 atque
588 3737 723 3794 rectores
753 3728 980 3793 venerabilium
1009 3728 1150 3792 locorum
1176 3727 1311 3792 habeant
1338 3735 1520 3812 potestatem
1552 3747 1657 3791 renun
1681 3747 1762 3811 qnae
1783 3728 1822 3790 ad
1844 3729 1912 3811 ipsa

302 3830 649 3915 locapia¹·pe1tinent,
674 3833 706 3895 in
729 3850 924 3914 quocunque
946 3831 984 3894 de
1006 3830 1054 3894 his
1078 3831 1179 3894 tribus
1200 3833 1304 3914 regnis
1327 3830 1452 3893 illarum
1474 3829 1675 3894 ecclesiarum
1698 3831 1912 3912 possessiones

299 3932 423 3996 fuerint.

252 4054 281 4091 οε»
406 4037 451 4099 lli.
497 4034 588 4111 Quod
610 4039 636 4099 si
659 4035 697 4100 de
719 4037 768 4099 his
802 4038 926 4100 statutis
952 4045 1046 4118 atque
1074 4035 1303 4098 convenientiis
1332 4034 1451 4116 aliquid
1478 4053 1553 4097 casu
1580 4032 1720 4117 quolibet
1748 4033 1796 4096 vel
1824 4034 1913 4116 igno·

304 4138 423 4216 rantia,
455 4139 540 4221 qraod
561 4159 624 4202 non
647 4147 811 4222 optamus,
843 4140 937 4202 fuerit
957 4139 1127 4221 irruptum,
1156 4138 1366 4220 praecipimus
1393 4146 1543 4218 utquam
1567 4137 1717 4199 citissime
1736 4134 1913 4199 secundum

301 4241 454 4303 iustitiam
484 4241 652 4304 emendare
679 4241 840 4313 studeant,
876 4260 915 4304 ne
948 4241 1027 4305 forte
1055 4249 1182 4324 propter·
1214 4240 1394 4303 dilationem
1427 4241 1530 4302 maius
1559 4239 1711 4301 damnum
1738 4238 1834 4320 possit
1859 4236 1913 4300 ud·

303 4360 450 4405 crescere.

405 4445 451 4508 17.
493 4442 541 4506 De
567 4443 693 4508 filiabus
714 4452 820 4509 autem
842 4446 973 4524 nostris,
995 4444 1156 4507 sororibus
1176 4443 1293 4507 scilicet
1315 4443 1545 4526 praedictorum
1566 4441 1703 4504 filiorum
1725 4448 1914 4521 nostrornm,

252 4562 282 4600 ⁴⁰
308 4545 468 4621 iubemus
497 4558 532 4609 ut
552 4556 623 4630 post
644 4553 788 4611 nostrum
815 4546 854 4609 ab
881 4548 939 4609 hoc
960 4565 1089 4629 corpore
1116 4546 1292 4609 discessum
1313 4545 1471 4608 licentiam
1493 4543 1606 4607 lrabeat
1626 4560 1839 4624 unaquaeque
1859 4540 1915 4605 eli-

304 4647 398 4729 gendi
419 4646 479 4710 sub
501 4649 594 4711 cuius
613 4648 718 4712 fratris
739 4650 836 4713 tutela
862 4657 892 4712 et
918 4649 1099 4711 defensione
1125 4667 1159 4711 se
1183 4648 1324 4711 conferre
1349 4647 1430 4711 reht.
1472 4645 1511 4709 Et
1533 4644 1764 4728 qualiscunque
1791 4643 1915 4707 exiliis

303 4751 509 4813 monasticam
527 4752 625 4813 vitam
647 4751 786 4834 elegerit,
811 4752 904 4814 liceat
924 4752 952 4813 ei
974 4750 1144 4813 honorifice
1163 4752 1269 4813 vivere
1291 4748 1351 4813 sub
1372 4749 1552 4813 defensione
1572 4747 1675 4811 fratris
1696 4747 1748 4810 sui
1768 4748 1800 4809 in
1823 4747 1915 4810 cuius

303 4853 417 4934 regnor
437 4851 549 4935 degere
570 4853 713 4916 voluerit.
760 4853 848 4930 Quae
867 4859 973 4917 autem
991 4855 1072 4917 iuste
1085 4864 1117 4916 et
1128 4852 1391 4915 racionabihtera
1411 4850 1568 4933 condigno
1581 4850 1649 4912 vim
1670 4848 1708 4912 ad
1730 4849 1914 4932 coniugium

305 4953 401 5016 fuerit
421 4955 564 5036 quaesita
585 4956 664 5018 etei
687 4956 753 5038 ipsa
776 4954 952 5040 coniugalis
973 4956 1037 5017 vita
1058 4954 1227 5038 placuerit,
1250 4972 1311 5015 non
1334 4954 1363 5016 ei
1385 4952 1557 5034 denegetur
1577 4971 1595 5014 a
1613 4949 1762 5014 fratribus
1783 4951 1867 5029 suia,
1888 4951 1915 5013 si

254 5071 283 5110 ⁴⁵
304 5062 335 5118 et
364 5056 422 5117 viri
445 5056 635 5139 postulantis
656 5062 687 5120 et
706 5058 841 5120 feminae
862 5057 1087 5120 consentientis
1109 5055 1238 5119 honesta
1259 5061 1290 5117 et
1310 5053 1504 5117 rationabilis
1524 5053 1619 5117 fuerit
1637 5053 1792 5116 voluntas,

405 5159 450 5222 18.
500 5155 547 5220 De
567 5157 735 5240 nepotibus
756 5177 830 5220 vero
851 5160 983 5237 nostris,
1004 5157 1077 5220 fihis
1098 5157 1215 5221 scihcet
1236 5155 1465 5240 praedictorum
1485 5155 1624 5219 fihorum
1645 5162 1838 5233 nostrorum,
1860 5156 1916 5237 qui

305 5260 351 5321 eis
372 5258 421 5322 vel
443 5260 506 5322 ianr
527 5260 593 5321 nati
619 5266 696 5322 suut
718 5260 768 5322 vel
789 5260 892 5322 adhuc
904 5261 1056 5323 nascituri
1068 5268 1158 5335 sunt,
1181 5259 1297 5342 placuit
1310 5257 1402 5322 nobis
1413 5259 1604 5342 praecipere,
1627 5263 1662 5320 ut
1682 5256 1791 5320 nullus
1806 5275 1915 5320 eorum

410 5474 434 5545 a)
457 5474 561 5529 aaut.
622 5474 649 5545 a)
672 5475 794 5530 exierant
804 5477 937 5548 gaudere,
953 5477 1131 5547 qnamque33
1144 5474 1253 5530 codee2
1266 5476 1317 5529 hoc
1329 5475 1389 5529 loco
1403 5475 1526 5529 iracertrw.
1583 5474 1612 5543 b>
1634 5492 1720 5545 prope
1728 5474 1753 5526 3.
1819 5472 1841 5542 cf
1868 5474 1916 5527 uhi

305 5555 413 5609 hah.3.
474 5556 499 5626 d]
524 5554 603 5624 ital,
624 5562 788 5625 contr.,orn.
800 5556 1025 5625 sive33alicuiua
1038 5556 1223 5611 controversie
1237 5556 1262 5610 2.
1354 5554 1381 5624 e)
1403 5554 1683 5626 relpropriaudd.3.
1750 5552 1779 5623 f)
1800 5554 1882 5609 domo
1891 5553 1916 5608 3.

362 5666 397 5705 ra
422 5668 605 5707 curretiam
622 5667 640 5706 r.
1684 5650 1714 5704 17
