4380 6248
863 376 1007 430 PIPPINI
1028 373 1296 431 caerretanus.

381 558 410 620 l.
453 557 496 620 Ut
515 556 564 620 bis
586 558 617 619 iu
640 576 723 618 rinno
743 556 874 618 sinodus
895 555 958 618 fiat.
1007 554 1113 619 Prima
1140 555 1271 619 sinodus
1295 575 1403 619 mense
1431 557 1551 639 primo,
1577 557 1665 639 quod
1687 568 1736 621 est
1756 556 1890 621 Martias

285 656 456 738 Kalendas,
486 658 568 721 ubi¹¹¹
602 657 738 721 ‹lomnus
770 676 826 720 rex
857 658 1000 735 iusserit,
1032 659 1102 720 eius
1134 659 1317 740 praesentia.
1379 656 1524 721 Secunda
1559 659 1692 722 sinodus
1724 658 1888 724 mendas

283 761 294 817 t
300 760 445 841 lctnbn‘s,
466 767 548 823 autm
568 759 607 823 ad
629 758 808 823 Suessionis
828 758 878 821 vel
897 757 1025 822 aliubim
1044 758 1099 821 ubi
1120 759 1159 821 ad
1180 758 1308 822 Martias
1332 757 1491 822 Kalendas
1511 760 1595 823 inter
1615 761 1701 844 ipsos
1722 762 1888 845 episcopos

282 864 445 941 ‹arnvenit3
473 870 505 925 et
524 861 568 924 illi
589 861 728 944 episcopi
747 859 864 924 ibidem
877 862 1089 949 conveniant,
1117 880 1197 943 qum
1224 860 1315 923 modo
1343 861 1446 923 vicem
1467 861 1781 944 metropolitanorum
1810 880 1887 926 oon·

283 965 456 1043 stituimus,
484 971 514 1026 et
538 963 609 1026 alii¹¹
635 962 771 1046 episcopi
792 961 841 1025 vel
871 960 999 1025 abbates
1027 981 1083 1025 seu
1110 961 1290 1045 presbiteri,
1318 980 1399 1044 quos
1419 963 1478 1044 ipsi
1500 962 1731 1046 metropolitani
1753 971 1832 1049 aput
1852 983 1887 1029 se
1919 985 1932 1023 ‚r

282 1067 390 1128 venire
412 1065 575 1143 iusserint,
596 1063 713 1127 ibidem
734 1064 765 1126 in
788 1064 855 1146 ipsa
876 1063 1014 1126 secunda
1035 1063 1146 1126 sinodo
1167 1064 1335 1126 convenire
1355 1063 1480 1127 faciant.

380 1169 408 1231 ὁ.
450 1166 493 1230 Ut
513 1166 716 1244 monasteria,
747 1172 811 1227 tam
834 1166 975 1227 virorum
995 1185 1091 1248 quam
1112 1165 1306 1248 puellarum,
1336 1165 1512 1228 secundum
1534 1166 1678 1230 ordinem
1698 1167 1887 1250 regulariter

283 1270 404 1346 virant3
427 1275 475 1332 et⁰
498 1269 524 1331 si
545 1268 603 1330 hoc
623 1267 725 1330 facere
745 1267 1015 1349 contempserim,
1036 1268 1252 1350 episcopusin
1272 1268 1365 1330 cuius
1382 1267 1545 1349 parrochia
1565 1287 1635 1332 esse
1656 1268 1806 1332 videntur
1825 1269 1886 1333 boc

282 1371 448 1435 emendare
477 1369 615 1434 debeata
662 1366 752 1443 Quod
784 1369 811 1431 si
837 1387 902 1431 non
929 1369 1092 1451 potuerim,
1119 1369 1196 1431 hoc‘¹
1228 1388 1323 1451 qricm
1353 1368 1630 1451 metropolitanum
1659 1370 1886 1435 constituimus

282 1474 481 1551 innotescat‘,
505 1480 537 1535 et
561 1472 627 1554 ipse
648 1471 707 1532 hoc
727 1469 894 1533 emendare
920 1469 1021 1532 faciat
1072 1467 1163 1545 Quod
1189 1472 1215 1533 si
1242 1471 1299 1532 hoc
1327 1482 1403 1532 nec·
1431 1471 1515 1553 ipse·
1541 1469 1710 1535 emendare
1735 1474 1885 1554 potuerit,
1904 1494 1930 1533 u

282 1574 321 1636 ad
343 1574 490 1637 sinodum
510 1572 692 1656 publicuml
720 1571 835 1634 exinde
860 1572 1006 1650 veniant,
1031 1579 1061 1635 et
1089 1570 1205 1634 ibidem
1225 1573 1411 1635 canonicam
1437 1573 1625 1635 sententiam
1654 1573 1795 1656 accipiat.
1843 1572 1885 1637 Et

282 1678 307 1739 si
330 1675 493 1758 publicum
514 1675 661 1738 sinodum
682 1674 915 1756 contempserit,
944 1679 999 1736 aut
1026 1673 1177 1736 honorem
1206 1692 1300 1736 suurn
1322 1673 1431 1756 perdat
1450 1681 1506 1736 aut
1526 1676 1824 1739 excommunicetur
1843 1675 1884 1739 ab

282 1776 429 1840 <lareribus
450 1777 618 1859 episcopis,
648 1783 679 1839 et
704 1774 775 1838 talis
800 1775 834 1836 in
862 1776 931 1838 eius
960 1774 1065 1838 locum
1090 1776 1120 1837 in
1151 1776 1218 1858 ipso
1247 1775 1356 1838 sinodo
1377 1776 1588 1838 constituatur
1607 1794 1664 1857 per
1689 1775 1824 1840 rerbum
1852 1784 1884 1842 et

283 1880 474 1942 voluntatem
497 1878 611 1941 domno
637 1896 709 1961 rege
733 1876 784 1939 vel
806 1895 964 1940 consensu
993 1895 1155 1940 servorum
1182 1875 1256 1951 Dei,
1283 1879 1336 1960 qui
1367 1877 1544 1940 seeundum
1573 1877 1718 1941 ordinem
1741 1886 1883 1943 sanctam

283 1983 382 2064 ipsam
401 1999 528 2064 gregem
549 1987 642 2063 regat.
1903 2011 1929 2051 u

382 2085 408 2145 u.
452 2080 681 2145 Censtituimus
702 2088 738 2144 ut
764 2081 852 2144 nulla
879 2079 1036 2143 abbatissa
1064 2080 1127 2143 dua
1151 2081 1341 2142 monasteria
1369 2100 1432 2142 non
1460 2088 1642 2164 praesumat
1667 2083 1797 2164 bahem,
1823 2103 1884 2148 nec

281 2193 368 2247 extra
391 2184 615 2247 monasterium
644 2182 815 2245 licentiamt
835 2183 938 2263 exire,
966 2183 1028 2244 nisi
1057 2181 1225 2244 hostilitate
1253 2188 1391 2264 cogente.
1442 2182 1521 2245 Sedu
1549 2184 1687 2247 alcuinus
1714 2205 1771 2250 rex
1797 2185 1883 2263 dicit,

281 2286 365 2369 ‹ltiod
392 2285 494 2363 vellit,
519 2292 571 2361 ut,
598 2284 724 2367 quando
750 2283 872 2366 aliquas
899 2283 937 2346 de
957 2285 1025 2367 ipsa
1052 2282 1248 2347 abbatissasu
1276 2285 1342 2366 ipse
1370 2284 1507 2347 domnus
1536 2305 1593 2348 rex
1623 2287 1661 2349 ad
1690 2306 1725 2351 se
1755 2288 1884 2352 iusserit

281 2389 401 2465 venire,
422 2386 517 2450 semel
539 2387 573 2448 in
595 2405 678 2448 anno
700 2393 730 2448 et
750 2404 805 2468 per
824 2404 978 2448 consenso
999 2386 1136 2468 episcopi
1157 2386 1191 2447 in
1213 2387 1305 2449 cuius
1326 2387 1488 2468 parrochia
1508 2392 1570 2465 est,
1593 2395 1628 2451 ut
1648 2396 1725 2452 tunc
1745 2390 1786 2453 ad
1806 2408 1881 2453 eum

280 2490 402 2573 aliquas
422 2490 571 2568 veniant,
591 2496 643 2551 et'
664 2507 723 2551 sua
742 2488 898 2566 iussione,
920 2488 946 2550 si
967 2488 1137 2550 necessitas
1157 2487 1265 2567 fuerit,
1286 2494 1316 2550 et
1338 2487 1436 2551 aliubi
1453 2491 1582 2552 ommno
1604 2510 1667 2553 non
1691 2490 1802 2555 debeat
1822 2510 1882 2554 nec
1900 2516 1928 2556 ιο

279 2612 334 2675 per
354 2591 444 2653 villas
466 2609 523 2653 nec
543 2608 599 2672 per
619 2588 681 2652 alia
700 2588 769 2651 luca
789 2587 966 2667 demorare,
988 2590 1049 2652 nisi
1070 2596 1193 2652 tantum
1214 2600 1313 2652 cumw
1335 2590 1467 2653 celerius
1495 2593 1633 2673 potuerit
1653 2592 1692 2654 ad
1714 2591 1881 2657 ambulan-

279 2693 354 2756 dum
376 2692 466 2756 etad
487 2691 741 2755 revertenduml.
783 2690 825 2753 Et
851 2696 942 2754 antea
962 2710 1027 2753 non
1056 2678 1180 2754 moveat
1206 2691 1245 2754 de
1266 2711 1324 2753 suo
1350 2693 1555 2772 monasterio,
1581 2701 1752 2777 antequam
1782 2715 1879 2759 suum

256 2782 411 2859 'missum
435 2795 474 2858 ad
495 2794 647 2857 domuum
668 2813 774 2877 regem
796 2793 993 2856 transmittat.
1042 2791 1082 2855 Et
1108 2793 1135 2854 si
1156 2794 1284 2855 iusserit
1304 2812 1360 2855 rex
1382 2795 1501 2870 venire,
1527 2796 1641 2859 veniat.
1685 2796 1740 2860 Sin
1762 2805 1879 2869 autem,

280 2899 311 2960 in
333 2897 522 2960 nrormsterio
551 2902 747 2979 permaneat,
775 2895 940 2958 interim¹²
969 2894 1052 2976 (pared
1081 2894 1138 2955 hoc
1164 2894 1288 2977 plenius
1309 2894 1484 2958 secundum
1506 2916 1643 2961 canones
1663 2899 1880 2962 emendamus

279 2999 427 3063 Similiter
447 3017 505 3061 nec
532 2997 602 3061 illas
623 2997 814 3060 monachas¹
843 3000 932 3059 extra
959 2997 1184 3058 monasterium
1212 2997 1298 3059 exire
1325 3015 1390 3058 non
1411 2996 1551 3062 debeant
1598 2998 1690 3075 Quod
1717 3001 1743 3062 si
1770 3000 1879 3083 aliqua
1899 3024 1927 3065 ιι

279 3102 310 3163 in
333 3100 439 3184 aliquo
461 3100 550 3183 lapsu
571 3099 731 3179 ceciderit,
755 3099 835 3161 infra
856 3099 1045 3161 monasterio
1067 3116 1123 3180 per
1143 3097 1310 3160 consilium
1332 3100 1467 3182 episcopi
1491 3102 1695 3183 penitentiam
1716 3108 1795 3185 agat
1837 3101 1880 3167 Et

278 3204 303 3265 si
326 3222 453 3266 necesse
473 3210 520 3264 est
541 3201 579 3264 de
600 3219 709 3264 eorum
731 3201 914 3264 necessitate
935 3200 973 3263 ad
1001 3199 1153 3263 domnum
1180 3218 1285 3282 regem
1307 3200 1355 3264 vel
1384 3200 1422 3264 ad
1445 3203 1594 3265 sinodum
1620 3202 1741 3286 aliquid
1762 3222 1879 3287 sugge-

276 3324 359 3383 rere,
385 3323 494 3367 eorum
516 3303 663 3385 propositi
685 3303 735 3366 vel
756 3303 845 3365 missi
865 3303 924 3365 hoo
945 3301 1078 3365 debeant
1097 3302 1214 3380 facere3
1242 3310 1273 3365 et
1295 3303 1387 3386 quale
1414 3324 1549 3367 munera
1569 3305 1610 3367 ad
1629 3305 1782 3388 palatium
1803 3305 1879 3369 dare

278 3406 450 3485 voluerint,
479 3424 535 3488 per
561 3405 674 3467 missos
700 3424 776 3467 suos
800 3404 860 3466 hoc
887 3404 1052 3495 dirigant.¹
1090 3403 1131 3466 Et
1164 3405 1190 3467 si
1217 3404 1322 3487 aliqua
1356 3408 1546 3469 monasteria
1576 3413 1652 3470 sunt
1680 3408 1736 3490 qui
1766 3426 1877 3470 corum

276 3508 418 3571 ordinem
445 3514 570 3591 propter
594 3513 809 3590 paupertatem
835 3505 1006 3589 adimplere
1033 3526 1096 3568 non
1122 3507 1296 3588 potuerint,
1324 3507 1383 3569 hoc
1412 3508 1464 3571 ille
1490 3510 1656 3593 episcopus
1683 3509 1878 3573 decoritate
1896 3532 1924 3571 so

275 3609 472 3693 praevideat,
501 3616 532 3672 et
559 3609 616 3671 hoc
642 3608 758 3671 domno
786 3627 860 3690 rege
884 3609 1072 3685 innotescat,
1102 3617 1135 3671 ut
1163 3609 1196 3671 in
1226 3629 1283 3671 suu
1309 3608 1475 3673 elimosina
1502 3610 1560 3673 hoc
1586 3611 1753 3674 emendare
1775 3611 1877 3675 iaciat.

275 3711 314 3776 Et
335 3713 361 3774 si
383 3711 460 3775 tales
480 3711 635 3774 foeminae
653 3709 772 3773 relatae
792 3710 831 3773 ad
853 3730 1001 3793 praesens
1023 3709 1139 3774 ibidem
1160 3718 1365 3793 congregatae
1387 3713 1595 3775 inveniuntur
1615 3714 1670 3795 qui
1691 3712 1878 3795 regulariter

274 3817 380 3878 virere
400 3833 463 3877 non
485 3812 615 3889 vellent,
644 3831 702 3876 nec
729 3812 768 3875 ad
788 3812 847 3875 hoc
867 3812 980 3893 dignae
1003 3821 1079 3876 stant
1099 3821 1135 3876 ut
1155 3833 1228 3876 cum
1258 3813 1327 3876 illa:
1349 3813 1426 3877 alius
1451 3813 1606 3895 habitent,
1637 3816 1803 3898 episcopus
1825 3815 1877 3878 rel

273 3915 430 3980 abbatissa
450 3914 653 3999 praevideant
671 3914 776 3977 locum
798 3922 921 3997 aptum,
943 3913 996 3977 ubi
1018 3915 1183 3998 separatim
1205 3934 1277 3978 cum
1301 3916 1442 3978 custodia
1465 3917 1497 3978 in
1517 3904 1714 4000 pulsaturio³
1735 3915 1877 3980 habitare

274 4018 419 4097 debeant,
447 4017 494 4080 vel
515 4035 642 4100 operare
664 4015 811 4079 manibus
833 4016 917 4098 quod
939 4017 1006 4099 ipsa
1028 4016 1185 4080 abbatissa
1207 4019 1276 4080 eius
1298 4019 1437 4097 iusserit,
1466 4019 1591 4081 interim
1613 4018 1696 4101 quod
1719 4016 1877 4100 probatas,
1895 4041 1923 4081 ss

273 4122 299 4182 si
321 4121 434 4204 (dignae
455 4128 546 4197 sarrit,
568 4121 600 4181 in
622 4121 862 4203 ‹fferrrgregatioue
884 4120 1085 4202 recipiantur·

374 4222 401 4285 ῖ.
444 4220 487 4285 Ut
513 4220 675 4304 pubiicum
704 4220 920 4304 baptisterium
948 4221 981 4283 in
1010 4220 1090 4283 ullay
1117 4221 1278 4303 parrochia
1304 4240 1373 4284 esse
1404 4241 1466 4284 ιιοιι
1495 4220 1619 4300 debeat,
1651 4222 1713 4284 nisi
1742 4219 1784 4284 ibi
1818 4220 1875 4284 ubi

272 4326 437 4407 episopus
459 4323 655 4385 curistituen't
676 4324 768 4386 cuius
789 4323 949 4406 parrochia
973 4334 1032 4387 est:
1063 4324 1122 4384 nisi
1151 4332 1274 4385 tannim
1302 4324 1328 4386 si
1351 4325 1521 4386 necessitas
1543 4325 1684 4387 evenerit
1710 4342 1766 4406 pro
1786 4321 1876 4386 infir-

274 4427 379 4488 mitate
400 4435 454 4487 auu
475 4437 548 4507 pro*
570 4425 769 4500 necessitate,
791 4424 832 4486 illi
855 4423 1043 4506 presbyteri.
1066 4444 1146 4507 qum
1161 4424 1326 4507 episcopus
1348 4425 1381 4486 in
1401 4425 1469 4507 ipsa
1484 4424 1646 4507 parrochia
1667 4425 1875 4503 constituerit,

273 4529 303 4590 iu
327 4527 559 4611 (praedicantque
580 4527 647 4589 loco
668 4527 821 4593 ovemrit.
849 4526 1004 4589 licentiam
1031 4526 1165 4589 habeant
1193 4525 1386 4609 baptizandi,
1414 4533 1450 4588 ut
1476 4527 1605 4589 omnino
1628 4526 1696 4588 sine
1717 4525 1875 4608 baptismo
1892 4552 1922 4591 ro

272 4648 334 4690 naui
357 4630 540 4692 rneriantur.

372 4736 399 4791 tl.
442 4727 488 4793 De
508 4729 705 4813 presbyteris.
748 4726 790 4791 Ut
811 4748 920 4791 (uiriles
941 4728 1113 4812 presbyteri
1131 4733 1185 4814 ιμιί
1209 4733 1241 4794 in
1257 4731 1418 4814 pari-mllio
1440 4737 1516 4792 sunt
1537 4728 1597 4792 sub
1617 4735 1769 4812 potestate
1791 4730 1875 4813 epis-

271 4834 337 4915 copi
371 4851 441 4895 esse
470 4831 602 4895 debeant
631 4831 669 4893 de
696 4849 805 4893 coriam
837 4830 965 4899 ordine.
997 4841 1027 4894 et
1062 4842 1096 4894 ut
1130 4832 1237 4896 titilius
1268 4831 1421 4916 presbiter
1455 4852 1518 4894 non
1546 4839 1725 4914 praesumat
1759 4832 1792 4894 in
1820 4831 1874 4895 illa

372 5060 397 5093 ru
432 5041 563 5093 atttudS.
585 5041 628 5093 vel
648 5040 734 5093 aliubi
749 5060 801 5091 υιιι.
817 5039 842 5093 4.
857 5040 881 5093 ὃ.
950 5060 978 5093 ιι-
1001 5041 1041 5094 illi
1063 5041 1110 5095 alii
1125 5040 1149 5094 4.
1164 5041 1187 5094 ι’).
1255 5042 1282 5093 οἳ
1304 5050 1330 5094 et
1417 5050 1489 5094 certat.
1502 5060 1553 5092 ιιιιι.
1567 5039 1592 5093 l.
1605 5040 1630 5093 5.
1693 5043 1722 5109 μὶ·
1744 5040 1831 5094 faciat
1849 5040 1874 5093 l.

271 5142 287 5192 q
321 5121 441 5192 potuerit
463 5120 515 5174 hoe
536 5121 695 5181 emendare,
722 5118 836 5173 illi4.5.
938 5140 952 5174 r
984 5121 1037 5175 hoe
1059 5121 1143 5175 intret.
1163 5120 1188 5173 4.
1210 5120 1233 5173 b.
1332 5124 1353 5169 s*
1377 5140 1431 5173 tum
1454 5139 1503 5190 per
1522 5140 1551 5174 se
1570 5119 1594 5174 4.
1612 5119 1636 5174 ι’).
1724 5122 1747 5175 tl
1769 5120 1874 5174 habeat
1891 5136 1920 5176 ts

271 5204 338 5255 «ald.
353 5201 377 5254 i.
390 5201 414 5254 b.
497 5218 514 5252 u
547 5200 601 5253 aad
621 5200 739 5253 ‹louurus
759 5218 804 5252 rara
825 5200 899 5270 quta
915 5201 972 5255 ertit
993 5202 1103 5271 quaudo
1124 5201 1242 5271 aliquam
1265 5202 1298 5253 de
1321 5200 1387 5270 ipsis
1407 5200 1555 5254 abluitissis
1569 5198 1593 5253 4.
1607 5199 1631 5253 h.
1713 5201 1741 5268 v}
1762 5218 1795 5253 ex
1807 5199 1833 5253 3.
1846 5199 1872 5252 4.

271 5283 300 5333 ιι·
326 5300 408 5353 (pamm
431 5280 481 5335 cel.
502 5292 556 5350 pot.
577 5279 718 5333 ambulare
740 5288 766 5333 ct
788 5279 886 5333 reverti
901 5280 926 5333 4.
943 5279 967 5333 5.
1055 5300 1069 5334 x
1096 5280 1204 5334 iuterim
1228 5281 1301 5351 (perard
1324 5280 1434 5333 inantea
1455 5280 1563 5350 plenius
1584 5281 1735 5333 actionum
1759 5278 1873 5335 canolii·

268 5382 328 5417 carn
351 5360 552 5416 iustitutionem
573 5358 773 5426 annuntiaverit,
793 5377 845 5413 uec
866 5360 929 5414 illac
945 5362 1096 5415 rrieuiachae
1112 5360 1136 5413 4.
1152 5359 1177 5413 ι’).
1257 5379 1274 5430 y
1308 5360 1355 5413 iiia
1374 5360 1435 5412 1.·.’.
1518 5368 1543 5413 zi
1564 5360 1658 5431 aliqua
1679 5362 1748 5413 udat.
1763 5359 1788 5413 4.
1804 5358 1830 5413 ὃ.

373 5549 398 5600 l*
423 5545 675 5616 Synouamaaie'oet
687 5543 1123 5615 Kalendisdlcrrte't‘almlremlerrrt5
1143 5548 1196 5615 ‹sra
1212 5566 1271 5617 turp.
1287 5546 1311 5599 ·l.
1375 5548 1403 5599 2²:
1428 5548 1583 5616 (Jemeepru
1599 5546 1693 5617 ''¹²1'·²·
1761 5545 1792 5617 3)
1810 5544 1872 5613 θῇ.

266 5648 378 5699 (αῖιιιοιι.
396 5663 456 5715 peu.
472 5643 539 5698 189.
559 5661 583 5697 c.
599 5642 636 5697 ῖῖ
1829 5670 1832 5675 -
1889 5646 1919 5687 ω
