4380 6248
839 413 984 470 KAROLI
1005 416 1130 473 MAGNI
1152 415 1421 475 CAPITULARIA.

324 802 394 907 54.
428 800 819 913 CAPITULA
856 806 1004 915 PER
1040 807 1436 921 EPISCOPOS
1475 812 1570 921 ET
1608 811 1934 925 COMI'PES

797 965 1456 1198 ΝΟΤΑ801ΞΑέῘΟὲΕΝΒΑ.

426 1259 577 1340 Erotem
603 1276 723 1341 abacto
749 1277 854 1341 codice
874 1279 1154 1346 Pam'azctme'4il95.
1177 1279 1235 1362 fol.
1250 1283 1306 1360 33,
1331 1282 1499 1344 subiuncta
1519 1283 1821 1369 Noctbumpenarbue
1846 1286 1933 1370 copi·

291 1385 401 1447 sade
421 1397 451 1448 et
471 1386 626 1469 znamapta
646 1385 749 1449 verbis
769 1385 849 1448 Item
871 1385 932 1448 alia
952 1386 1090 1468 capitula
1111 1387 1219 1451 domni
1240 1389 1445 1471 imperatoris.

431 1487 528 1551 Verno
549 1499 683 1571 tempore
703 1486 789 1550 edita
806 1501 883 1551 etant
901 1488 939 1563 (c.
953 1489 995 1568 2),
1016 1513 1086 1552 (nom
1109 1491 1308 1573 temeratoris
1317 1490 1414 1572 filine
1434 1504 1513 1554 notu
1536 1494 1694 1555 nto-cinnas
1716 1495 1857 1558 Karolue
1877 1519 1928 1559 ee·

316 1589 508 1674 pevb‘tzbnem
529 1613 600 1651 cnm
621 1590 758 1652 mercatu
773 1589 902 1672 faceret
930 1590 1092 1675 (prolepsis
1112 1603 1141 1654 et
1161 1617 1187 1653 c.
1202 1592 1245 1670 4).
1286 1591 1339 1654 Ec
1367 1593 1537 1657 annotabam
1555 1607 1660 1679 potet,
1687 1607 1751 1658 tom
1771 1600 1927 1663 onnosslf)

321 1715 416 1776 patrum
429 1693 489 1757 806
503 1703 532 1755 et
544 1693 604 1756 808
626 1689 780 1753 Korolum
797 1689 908 1770 filium
930 1691 1041 1754 hosati
1063 1691 1258 1776 mpedt'trbm'
1274 1707 1383 1758 contra
1404 1694 1622 1776 Boabboemoe‚
1652 1696 1786 1760 Soroboc
1806 1697 1929 1761 Donne-

321 1817 380 1878 que
393 1792 591 1878 praeficisee,
620 1815 675 1855 nec
696 1790 831 1854 deberem
852 1791 898 1853 ad
924 1816 1094 1876 qammaam
1117 1795 1341 1879 emreaeb'trbnem
1362 1798 1565 1881 pottissimum
1586 1797 1763 1882 camaloduno
1787 1812 1929 1863 acetrum

274 1911 301 1948 ¹⁰
320 1893 518 1978 resecandum
545 1895 597 1956 cit.
645 1893 761 1956 Fames
788 1895 821 1956 in
849 1917 917 1978 cop.
939 1897 1000 1960 1.6
1027 1895 1113 1958 dicto
1139 1910 1203 1959 tant.
1230 1920 1298 1962 ecre
1311 1900 1385 1979 806,
1413 1911 1449 1962 ut
1474 1899 1668 1983 cupa'tzdortb
1695 1901 1729 1962 in
1754 1899 1928 1964 Theotimo

322 1996 397 2060 villo
410 2009 441 2060 et
451 1997 631 2080 Nt‘mnopue
646 1993 723 2056 cletta
736 1993 859 2074 docent,
886 2019 980 2080 qtcom
989 1997 1064 2059 'vere
1077 2000 1138 2063 808
1159 2000 1266 2079 (Eme.
1284 2025 1358 2064 (ton.
1373 2004 1447 2067 808:
1470 2002 1572 2066 hiems
1587 2002 1772 2066 mollissima
1794 2010 1824 2066 et
1835 2005 1930 2086 pesti·

321 2100 400 2169 lensl
421 2110 647 2183 prensantem.
1445 2103 1497 2184 (B.
1520 2103 1621 2184 deam
1649 2105 1831 2184 P.l,13e.)

422 2258 586 2387 Capitale
609 2323 690 2386 quae
712 2304 878 2381 volumus,
907 2313 944 2369 ut
973 2308 1125 2390 episcopi,
1147 2307 1274 2371 abbates
1295 2315 1325 2371 et
1345 2309 1475 2371 comites
1497 2310 1553 2392 qui
1573 2309 1667 2372 modo
1688 2309 1728 2371 ad
1755 2329 1858 2373 casam
1882 2330 1931 2374 re-

320 2405 418 2468 deunt
439 2424 494 2488 per
514 2405 640 2488 singula
661 2405 728 2468 loce
749 2424 860 2470 eorum
881 2415 956 2471 nota
976 2409 1094 2472 faciant
1115 2418 1145 2473 et
1171 2409 1337 2472 observare
1358 2409 1519 2486 studeant,
1540 2418 1604 2473 tam
1623 2410 1705 2473 infra
1726 2430 1836 2475 eorum
1857 2432 1928 2496 par·

273 2529 299 2566 1⁵
319 2507 441 2570 rochias
462 2516 492 2571 et
513 2508 707 2570 missaticos*
727 2527 784 2571 seu
805 2510 1004 2574 ministeriab
1025 2531 1135 2575 eornm
1151 2512 1420 2575 convicinantium
1443 2513 1498 2595 qui
1520 2513 1552 2574 in
1575 2515 1715 2577 exercitu
1737 2514 1831 2578 simul
1854 2535 1927 2578 cum

318 2610 472 2689 equivoco
494 2617 602 2671 nostro
620 2621 836 2692 perrexerunt.

423 2715 445 2774 l.
487 2711 531 2775 Ut
559 2712 774 2793 indigentibus
804 2713 954 2778 adiuvare
984 2716 1132 2779 studeant
1160 2716 1199 2779 (le
1230 2736 1375 2793 annona,
1406 2718 1448 2778 ita
1475 2723 1511 2779 ut
1536 2716 1630 2779 famis
1658 2719 1834 2800 peniculum
1864 2739 1927 2782 non

318 2822 453 2895 pereant.

418 2917 445 2978 2.
490 2915 532 2978 Ut
552 2917 656 2980 medio
677 2935 787 2980 mense
811 2918 933 3000 Agusto
961 2937 1035 2981 oum
1059 2919 1243 2981 excarritis¹
1270 2919 1452 2982 hominibus
1478 2920 1516 2982 avl
1546 2941 1604 2985 nos
1630 2940 1699 2985 esse
1725 2921 1871 3001 debeant,
1900 2924 1925 2984 si

271 3034 299 3071 ao
317 3021 409 3078 antea
430 3017 528 3080 iussio
549 3026 657 3081 nostra
677 3018 715 3081 ad
737 3038 790 3082 eos
811 3038 876 3081 non
898 3021 1076 3102 pervenerit
1096 3039 1153 3102 pro
1174 3019 1281 3103 aliqua
1301 3022 1496 3085 necessitate.

416 3120 444 3182 3.
486 3118 529 3184 Ut
550 3139 660 3183 omnes
680 3122 854 3203 praeparati
876 3122 940 3184 sint
967 3122 1005 3184 arl
1027 3119 1085 3183 Dei
1112 3124 1276 3186 servitium
1298 3131 1329 3186 et
1350 3123 1388 3186 ad
1410 3132 1550 3189 nostram
1573 3125 1758 3195 utilitatem,
1784 3125 1922 3209 quando·

317 3220 445 3304 quidem
467 3225 585 3286 missus
606 3230 661 3286 aut
681 3222 813 3305 epistola
835 3231 943 3286 nostra
964 3225 1099 3301 venerit,
1120 3231 1157 3287 ut
1178 3227 1283 3287 statim
1303 3226 1471 3290 nobiscum
1493 3229 1602 3290 venire
1627 3228 1756 3290 faciatis.

416 3327 444 3388 4.
485 3325 518 3388 Si
539 3324 633 3388 alicui
655 3325 694 3388 de
714 3324 776 3387 illis
796 3324 979 3387 hominibus
1006 3325 1061 3407 qui
1087 3325 1121 3387 in
1140 3328 1280 3389 exercitu
1307 3329 1395 3392 exire
1417 3328 1538 3392 valent⁰
1565 3335 1612 3392 et⁰
1634 3348 1793 3393 unacum
1815 3330 1928 3393 dilecto

316 3424 381 3488 tilio
403 3435 509 3490 nostro
530 3426 645 3490 Karolo
673 3447 742 3491 esse
768 3427 917 3491 videntur
947 3427 1063 3510 aliquis
1090 3427 1127 3490 avl
1154 3447 1258 3491 casaur
1288 3430 1518 3505 malefecerit,
1544 3440 1600 3494 aut
1630 3433 1661 3494 in
1684 3451 1785 3495 uxore
1811 3439 1866 3495 aut
1892 3433 1923 3494 in

269 3546 298 3585 aa
317 3526 410 3590 domo
432 3530 542 3592 autin
563 3529 634 3592 aliis
656 3529 851 3613 quibuslibet
870 3531 990 3609 causis,
1013 3538 1048 3593 ut
1070 3531 1128 3612 ipsi
1153 3531 1366 3595 malefactores
1388 3534 1613 3615 conpraehensi
1626 3542 1657 3597 et
1677 3535 1709 3596 in
1731 3536 1821 3617 cippo
1843 3535 1920 3597 etin

316 3647 440 3692 carcere
467 3629 563 3693 liant‘¹
591 3632 680 3694 missi
706 3640 738 3694 et
765 3632 824 3694 sub
850 3632 993 3695 custodia
1023 3631 1114 3701 salvi,
1142 3652 1245 3716 usque
1273 3634 1349 3696 dum
1378 3634 1417 3696 au
1445 3654 1551 3699 casam
1579 3637 1787 3700 remeaverint
1813 3645 1923 3698 contra

316 3745 416 3814 quos‘
438 3731 490 3795 illa
512 3732 595 3796 mala
614 3734 710 3796 fuerit
730 3741 914 3818 perpetrata.

415 3835 445 3898 ὀ.
487 3832 535 3898 Ile
557 3835 731 3900 latronibus
751 3847 782 3899 et
803 3837 1056 3901 malefactoribus
1077 3837 1214 3901 habeant
1230 3839 1457 3920 providentiam
1476 3847 1631 3923 quantum
1655 3840 1768 3903 melius
1789 3850 1922 3922 possunt

317 3954 477 3999 unacum
496 3938 623 4000 missis²
644 3939 770 4002 illorum
792 3941 847 4023 qui
870 3942 902 4002 in
925 3940 1066 4003 exercitu
1089 3945 1174 4002 sunt.

269 4058 298 4097 ιο
418 4041 444 4102 b.
487 4038 529 4102 Ut
550 4059 605 4122 per
623 4042 764 4105 civitates
785 4043 974 4105 monasteria
995 4043 1136 4104 virorum
1159 4050 1189 4105 et
1201 4043 1379 4125 puellarum
1393 4063 1593 4108 commonere
1605 4044 1735 4120 faciant,
1758 4052 1792 4106 ut
1813 4062 1924 4107 omnes

317 4139 367 4221 pie
388 4146 419 4202 et
439 4148 522 4203 caste
544 4138 603 4204 Dei
623 4144 748 4205 servitio
770 4151 888 4206 certent
913 4145 1020 4208 vivere
1046 4150 1077 4208 et
1105 4163 1215 4207 eorum
1237 4165 1390 4229 pauperes
1417 4154 1448 4209 et
1472 4146 1608 4209 familias
1629 4147 1718 4210 iuxta
1739 4144 1926 4228 possibilita-

316 4245 380 4302 tem
402 4242 524 4303 nutrire
545 4242 670 4306 faciant.

417 4472 445 4533 a)
467 4472 619 4527 ministeria
633 4475 841 4543 corripendum?
902 4475 933 4530 bl
956 4476 1079 4530 misteria
1093 4496 1116 4529 c.
1183 4478 1208 4541 cl
1230 4479 1340 4533 valcant
1353 4497 1376 4532 o.
1438 4480 1467 4546 d)
1488 4479 1591 4534 faciant
1604 4499 1626 4532 c.
1690 4480 1716 4545 cl
1738 4498 1808 4550 quos
1821 4498 1873 4532 om.
1882 4499 1905 4533 c.

421 4696 448 4756 ll
471 4696 575 4750 Socrati
580 4736 587 4762 ,
607 4698 635 4749 in
647 4715 741 4751 coatrae
753 4700 906 4769 ‹lebtro'boti;
919 4704 972 4770 cfr.
987 4720 1047 4772 cop.
1059 4703 1147 4755 Bono.
1168 4704 1243 4772 inse-n
1258 4702 1337 4762 cea.
1357 4723 1380 4755 c.
1391 4703 1417 4767 9,
1429 4713 1454 4756 et
1465 4704 1572 4773 caepim
1583 4704 1610 4756 in
1623 4704 1811 4757 rererttioribua
1823 4706 1926 4776 caprita-

272 4811 299 4851 as
317 4793 428 4846 bruun.
491 4793 521 4853 2l
542 4795 637 4848 Meam
648 4797 795 4850 inensam:
805 4800 913 4852 oleariis
925 4801 1060 4852 comitum.
