4380 6248
733 396 783 450 ET
804 395 1017 453 HLOTnnRu
1039 396 1302 458 CAPITULARIA
1324 401 1503 458 ert-827.
1861 404 1919 469 341

307 571 466 635 iussioni¹¹
495 591 551 654 pro
585 570 708 634 viribus
741 570 868 636 obedire
906 573 1090 656 neglexerit
1141 576 1244 640 facere
1286 576 1437 649 audeant,
1477 583 1630 643 terrorem
1672 582 1780 665 procul
1823 583 1921 648 dubio

308 674 440 737 caeteris
472 674 540 737 sine
573 672 670 736 dubio
705 675 817 736 terrori
855 675 929 752 erit
958 694 998 739 ne
1028 675 1091 739 tale
1141 679 1282 742 incutiet.

310 775 473 838 admittere
495 780 706 859 praesumant

410 875 596 941 Direximus
620 896 696 942 sane
722 875 779 939 tibi
801 878 1008 943 institutionis
1028 880 1090 943 for·
1240 881 1388 947 Misimus
1413 885 1520 967 itaque
1546 883 1602 947 tihi
1631 887 1839 951 institutionis
1859 889 1922 952 for·

284 979 445 1060 amulam,
474 1000 571 1064 quarn
600 980 742 1043 eiusdem
771 981 852 1042 sacri
879 981 1004 1044 concilii
1034 1002 1091 1065 par
1142 1005 1240 1065 marn,
1280 1005 1377 1069 quarn
1406 985 1491 1048 idem
1521 1006 1646 1050 sacrum
1680 994 1711 1051 et
1744 989 1922 1055 venerabile

309 1102 484 1149 consensus
511 1103 631 1168 parque
663 1081 805 1145 studium
839 1102 879 1146 ex
908 1090 1089 1148 sanctorum
1140 1087 1310 1150 concilium
1331 1106 1372 1150 ex
1396 1095 1578 1151 sanctorum
1605 1096 1731 1172 patrum
1758 1095 1922 1157 sententiis

309 1190 434 1267 patrum
456 1184 548 1246 dictis
562 1183 752 1247 enucleatim
764 1187 936 1269 excerpsit,
958 1188 1090 1249 etcasti-
1141 1187 1308 1271 diligenter
1329 1191 1500 1271 excerpsit,
1521 1196 1552 1253 et
1573 1193 1867 1257 sanctimonialibus
1887 1196 1921 1258 iu

310 1288 435 1350 moniae
468 1286 580 1349 dicatis
611 1288 645 1348 in
677 1306 742 1349 unu
767 1288 914 1351 societate
939 1289 1090 1352 canonice
1140 1309 1205 1352 uno
1237 1290 1367 1373 collegio
1407 1292 1557 1354 canonice
1591 1292 1779 1377 degentibus
1817 1296 1923 1360 obser-

309 1388 497 1474 degentibus
537 1386 764 1452 observandam
806 1391 922 1452 statuit.
986 1389 1088 1465 Quam
1141 1392 1476 1475 vandampercensuit
1519 1393 1834 1480 Quamsivepe1·te
1856 1399 1923 1461 sive

272 1511 297 1549 ιο
309 1493 458 1557 volumus
479 1512 497 1554 a
518 1498 549 1555 te
570 1493 637 1555 sive
658 1512 677 1553 a
697 1492 762 1554 tuis
782 1491 1090 1574 conprovincialibus
1140 1512 1196 1576 per
1216 1495 1494 1576 comprovinciales
1523 1504 1594 1559 tuos
1619 1498 1782 1582 episcopos
1802 1501 1834 1562 in
1856 1520 1923 1562 orn-

308 1596 463 1679 episcopis
485 1593 745 1657 studioseiubere
759 1593 925 1656 transcribi
941 1601 972 1657 et
981 1614 1090 1657 mona-

309 1699 413 1762 steriis
433 1696 627 1782 puellaribus
648 1697 681 1758 in
702 1701 757 1758 tua
779 1695 896 1758 diocesi
917 1697 1090 1759 consisten-

307 1800 410 1880 tibus,
439 1801 473 1862 in
503 1797 621 1882 quibus
645 1798 762 1861 scilieet
783 1800 934 1862 canonice
962 1800 1089 1880 vivitur,

1141 1594 1236 1658 nibus
1248 1603 1321 1658 tuae
1331 1596 1924 1681 dioeceseospuellaribusmonasteriis,

1143 1698 1175 1759 in
1198 1698 1316 1779 quibus
1337 1700 1486 1762 canonice
1507 1702 1639 1780 vivitur,
1667 1703 1808 1767 studiose
1834 1723 1923 1786 prae-

1141 1802 1290 1884 scriptam
1318 1799 1425 1864 haberi
1453 1801 1618 1880 volumus,
1644 1803 1698 1867 sed
1729 1813 1760 1867 et
1786 1805 1846 1868 hoc
1871 1806 1924 1870 de·

308 1903 478 1967 tenendam
509 1901 656 1978 conferri,
693 1901 892 1984 qualiterque
923 1900 1091 1964 abbatissis

270 2012 339 2069 raet
379 2006 510 2069 caeteris
551 2002 743 2066 monialibus
786 2004 1022 2086 religiosissime
1054 2022 1090 2065 ac

309 2109 513 2171 devotissime
545 2106 703 2169 observari
736 2105 862 2183 debeat,
895 2107 1090 2188 apertissime

309 2211 477 2294 perdoceri.
520 2207 693 2283 Quoniam,
722 2208 784 2269 nisi
805 2208 931 2289 quando
955 2226 1013 2269 uos
1034 2207 1091 2269 ali·

310 2333 406 2396 quarn
428 2311 658 2375 abbatissarum
686 2315 826 2372 nestram
857 2309 942 2372 adire
964 2310 1091 2372 iusseri·

309 2435 382 2479 mus
409 2415 619 2498 praesentiam
630 2412 653 2492 ,³
686 2411 746 2474 alio
776 2420 915 2495 ternpore
942 2411 1091 2475 volumus

270 2520 341 2582 ain
363 2517 562 2581 monasteriis
583 2516 741 2579 resideant
760 2519 791 2577 ot
809 2514 986 2577 secundum
1008 2516 1090 2577 eius-

309 2621 379 2686 dem
421 2619 631 2683 institutionis
671 2617 805 2679 formam
843 2617 938 2678 vitam
973 2617 1091 2680 ducant

310 2723 434 2807 sibique
455 2721 597 2786 subditas
627 2721 659 2783 in
687 2725 813 2782 sanctae
839 2719 1000 2795 religionis
1022 2739 1089 2802 pro-

308 2827 410 2910 posito
432 2823 675 2906 constringant,
689 2827 720 2884 et
746 2821 835 2883 nulla
861 2820 987 2883 illamm
1007 2820 1091 2883 foras

309 2927 463 3011 evagandi
483 2933 538 2989 aut
559 2925 723 2988 occasione
736 2922 876 3006 qualibet
890 2929 1016 3006 accepta
1035 2943 1092 3006 per

268 3046 297 3088 aa
309 3029 400 3093 villas
427 3027 585 3092 residendi
620 3027 751 3108 suisque
787 3024 1003 3108 voluptatibus
1038 3026 1091 3089 de·

309 3131 467 3196 serviendi
492 3131 650 3193 licentiam
678 3126 737 3190 sibi
763 3126 930 3189 adtribuat.
975 3125 1091 3202 Quam·

309 3254 405 3318 quam
446 3234 532 3297 enim
570 3228 718 3294 nonnulli
758 3229 861 3292 cleriei
900 3232 1091 3293 monasteria

309 3337 502 3421 puellarum,
544 3342 575 3397 et
612 3331 757 3395 nonnulli
796 3330 865 3393 laici
902 3333 1092 3395 monasteria

310 3440 450 3502 virorum
482 3437 577 3500 etiarn
603 3443 633 3499 et
659 3433 836 3517 puellarum
864 3432 1013 3511 habeant,
1039 3440 1094 3497 tua

268 3550 415 3605 aotamen
457 3537 550 3603 dehet
591 3535 772 3621 praevidere
807 3535 1009 3598 solertissima
1046 3538 1093 3598 in-

311 3643 447 3723 dustria,
476 3648 512 3705 ut
533 3639 683 3704 omnibus
712 3637 788 3700 locis
815 3636 875 3700 suh
896 3647 951 3700 tua
976 3638 1092 3701 diocesi

309 3745 504 3823 constitutiS,
520 3743 716 3824 ubicumque
730 3740 989 3823 congregationes
1003 3740 1092 3803 cleri-

310 3867 419 3910 corum
431 3854 463 3910 et
477 3843 764 3909 sanctimonialium
781 3848 867 3920 sunt,
887 3843 975 3905 iuxta
993 3844 1091 3926 possi-

310 3947 464 4011 bilitatem
499 3955 529 4011 et
559 3946 740 4010 facultatem
772 3963 878 4006 rerum
915 3944 1091 4006 secundum

268 4050 407 4114 ashuius
435 4049 644 4113 institutionis
680 4047 813 4110 formam
852 4046 975 4122 vivant3
1018 4046 1092 4128 quia

311 4151 399 4215 nulla
420 4158 469 4216 cst
496 4151 626 4214 omnino
652 4149 795 4227 ecelesia,
822 4166 904 4231 quae
928 4147 1093 4210 facultates

311 4253 440 4332 haheat,
462 4252 518 4317 ubi
540 4253 740 4335 nonpossint
761 4257 806 4313 tot
818 4249 960 4331 talesque
978 4248 1093 4333 guber·

312 4356 380 4418 nari
401 4356 458 4440 qui
479 4355 622 4418 divinum
650 4354 796 4437 expleant
819 4353 958 4415 officium
986 4359 1017 4416 et
1038 4350 1092 4414 ubi

313 4457 508 4542 hospitalitas
528 4458 619 4520 iuxta
640 4457 724 4519 vires
744 4475 808 4517 non
830 4456 928 4538 possit
949 4455 1066 4536 diligi.m

271 4579 300 4619 aa
411 4557 1093 4643 Nosquoquepraefatummissumnostrum

313 4660 352 4724 ad
377 4667 467 4724 tuam
494 4662 690 4724 sanctitatem
729 4660 799 4722 ideo
837 4659 1025 4738 direximus,
1059 4665 1094 4721 ut

312 4768 405 4827 tuum
426 4769 667 4846 ceterorumque
681 4761 963 4825 ecclesiasticorum
984 4763 1017 4823 in
1040 4767 1093 4823 tua

1116 1965 1119 1968 ,
1143 1904 1320 1983 cernimuS,
1346 1913 1383 1967 ut
1404 1924 1421 1967 a
1443 1903 1533 1967 vobis
1551 1912 1615 1967 tam
1637 1905 1804 1970 abbatissis
1826 1928 1923 1991 quarn

1143 2005 1273 2066 caeteris
1296 2006 1588 2069 sanctimonialibus
1609 2008 1750 2071 tradatur
1776 2016 1818 2089 et,
1846 2031 1924 2093 qua·

1141 2104 1213 2167 liter
1233 2125 1301 2167 earn
1324 2112 1430 2170 tenere
1451 2107 1599 2187 debeant,
1624 2120 1727 2173 vestre
1749 2113 1853 2175 studio
1875 2114 1923 2175 in·

1142 2205 1325 2269 formentur.
1374 2207 1555 2290 Caeterum,
1584 2213 1645 2275 nisi
1667 2213 1807 2297 aliquam
1829 2213 1925 2278 abba·

1141 2311 1290 2371 tissarum
1303 2311 1430 2392 quando
1442 2331 1500 2374 nos
1509 2313 1548 2374 ad
1562 2317 1770 2396 praesentiam
1783 2325 1923 2380 nostram

1142 2411 1250 2474 venire
1279 2413 1484 2492 iusserimus,
1512 2414 1573 2476 alio
1605 2422 1745 2500 tempore
1764 2418 1923 2499 volumus,

1144 2519 1180 2576 ut
1202 2512 1378 2577 abbatissae
1406 2517 1539 2599 propriis
1568 2519 1600 2579 in
1621 2521 1821 2583 monasteriis
1847 2521 1923 2583 resi·

1142 2615 1237 2678 deant
1265 2622 1296 2679 et
1317 2618 1493 2680 seeundum
1523 2619 1604 2680 hanc
1627 2619 1836 2684 institutionis
1862 2622 1924 2684 for·

1142 2737 1228 2781 mam
1262 2719 1368 2781 vivere
1403 2718 1527 2801 sibique
1557 2719 1715 2785 subiectas
1747 2722 1923 2806 gubernare

1142 2822 1316 2899 decertent,
1343 2827 1374 2884 et
1394 2821 1492 2884 nullis
1514 2821 1640 2886 illarum
1661 2842 1718 2907 per
1737 2824 1828 2887 villas
1849 2826 1923 2888 resi-

1144 2923 1238 2986 dendi
1260 2929 1315 2986 aut
1336 2923 1419 2986 foras
1446 2924 1587 3007 qualibet
1615 2927 1778 2989 occasione
1799 2934 1925 3010 accepta

1142 3025 1295 3108 evagandi
1324 3027 1455 3109 suisque
1482 3026 1699 3109 voluptatibus
1726 3027 1924 3092 deserviendi

1143 3127 1303 3190 licentiam
1346 3126 1526 3191 attribuant
1589 3126 1790 3212 Quamquam
1838 3133 1924 3195 enim

1144 3229 1289 3292 nonnulli
1320 3230 1423 3293 clerici
1455 3231 1645 3293 monasteria
1672 3230 1866 3314 puellarum,
1895 3240 1926 3296 et

1146 3330 1293 3393 nonnulli
1325 3331 1396 3394 laici
1431 3333 1622 3395 monasteria
1656 3334 1797 3396 virorum
1830 3335 1925 3397 etiam

1146 3451 1182 3493 ac
1202 3432 1380 3514 puellarum
1395 3433 1544 3512 habeant,
1566 3440 1620 3497 tua
1634 3441 1739 3498 tamen
1752 3435 1844 3499 debet
1856 3455 1926 3518 pro·

1144 3534 1251 3597 videre
1264 3535 1468 3598 solertissima
1483 3537 1655 3617 industria,
1676 3544 1712 3601 ut
1733 3537 1925 3601 inomnibus

1144 3638 1221 3700 locis
1233 3635 1292 3700 sub
1304 3645 1359 3700 tua
1375 3637 1509 3700 dioecesi
1526 3639 1719 3714 constitutis,
1741 3638 1926 3722 ubicunque

1144 3740 1402 3821 congregationes
1431 3738 1616 3802 clericerum
1646 3750 1676 3803 et
1704 3741 1926 3803 sanctimonia-

1143 3841 1222 3904 limn
1245 3850 1332 3917 sunt,
1353 3842 1442 3904 iuxta
1454 3841 1691 3924 possibilitatem
1704 3841 1926 3906 etfaeultatem

1144 3962 1250 4006 rerum
1275 3942 1451 4005 secundum
1464 3943 1560 4006 huius
1575 3945 1781 4007 institutionis
1792 3943 1927 4007 formam

1143 4047 1268 4122 vivant3
1290 4047 1366 4128 quia
1382 4045 1470 4108 nulla
1484 4052 1531 4109 est
1541 4047 1671 4108 omnino
1685 4046 1824 4119 eeclesia,
1846 4065 1928 4129 quae

1144 4147 1307 4210 facultates
1329 4146 1453 4224 lrabeat,
1474 4145 1530 4211 ubi
1544 4167 1608 4210 non
1628 4149 1749 4230 possint
1768 4154 1814 4211 tot
1834 4146 1926 4211 talea-

1145 4269 1208 4333 que
1233 4249 1404 4332 gubernari
1432 4250 1487 4332 qui
1516 4248 1659 4311 divinum
1687 4248 1834 4332 expleant
1859 4248 1927 4311 offi-

1145 4353 1230 4415 cium
1260 4360 1291 4414 et
1319 4351 1374 4414 ubi
1404 4351 1598 4435 hospitalitas
1632 4352 1722 4414 iuxta
1753 4352 1836 4414 vires
1862 4369 1926 4414 non

1144 4455 1244 4538 possit
1265 4453 1360 4536 diligi.

1245 4555 1311 4619 Nos
1340 4575 1468 4640 quoque
1488 4555 1642 4639 praefatos
1668 4556 1782 4618 missos
1803 4560 1927 4616 nostros

1146 4659 1184 4720 ad
1213 4665 1301 4722 tuam
1335 4659 1532 4721 sanctitatem
1567 4657 1636 4719 idco
1669 4656 1859 4731 direximus
1894 4660 1928 4718 nt

1145 4767 1238 4824 tuum
1278 4766 1538 4842 caeterorumque
1579 4757 1864 4821 ecclesiasticorum
1893 4757 1926 4818 in

313 4863 430 4929 diocesi
450 4865 713 4928 consistentium⁰
733 4864 899 4946 diligenter
911 4869 1006 4946 atque
1020 4863 1093 4926 sub-

311 4966 408 5031 tiliter
434 4967 468 5030 in
495 4967 553 5030 hoe
581 4967 708 5050 negotio
739 4966 917 5028 intueretur
944 4965 1096 5042 studium,

268 5091 300 5132 aa
314 5076 346 5132 et
364 5068 423 5132 tibi
444 5087 535 5153 opem
560 5069 594 5130 in
624 5068 755 5131 caeteris
775 5066 1015 5130 commonendis
1035 5067 1095 5129 fer-

1146 4869 1200 4926 tua
1223 4863 1357 4925 dioecesi
1378 4862 1619 4925 consistentium
1641 4859 1807 4943 diligenter
1832 4864 1927 4940 atque

1148 4963 1305 5027 subtiliter
1330 4965 1364 5026 in
1391 4963 1449 5026 hnc
1477 4964 1601 5046 negotio
1629 4963 1830 5024 intuerentur
1861 4967 1928 5023 stu·

1148 5066 1253 5145 dium,
1274 5077 1304 5129 et
1326 5064 1383 5129 tibi
1405 5084 1496 5149 opem
1520 5066 1552 5127 in
1575 5064 1706 5127 caeteris
1726 5079 1930 5126 commonen-

312 5176 375 5234 ret:
420 5172 477 5255 qui
515 5171 612 5233 etiam
651 5167 743 5232 nobis
780 5168 922 5246 referret,
962 5168 1096 5250 qualiter
1148 5169 1196 5231 dis
1217 5168 1348 5231 ferrent:
1371 5169 1427 5250 qui
1448 5174 1478 5230 et
1498 5166 1590 5229 nobis
1609 5165 1772 5244 referrent,
1794 5163 1931 5247 qualiter

415 5416 446 5488 o)
465 5418 640 5474 existentium
653 5418 676 5472 l.

415 5674 447 5746 3)
470 5675 534 5744 Ojr.
542 5693 627 5748 supra
635 5675 732 5729 comat
744 5675 872 5730 Veraenae
880 5674 948 5746 755,
961 5693 984 5729 e.
995 5676 1021 5730 6.

375 5786 420 5829 u-
439 5786 630 5828 curruum
647 5787 665 5826 ι.
