4380 6248
266 374 308 437 96
779 368 923 424 KAROLI
944 368 1068 425 MAGNI
1089 368 1359 427 carmanum

269 556 355 631 elati,
382 574 444 617 nen
468 552 596 631 ebriosi,
616 552 670 615 sed
687 552 764 615 casti
777 550 870 614 corde
881 560 911 615 et
921 570 1063 634 corpere,
1084 551 1234 628 humilcS,
1253 552 1400 631 modesti,
1422 551 1531 633 sobrii,
1552 554 1727 634 mansueti,
1747 552 1881 639 pacifici.

271 666 307 722 ut
328 657 384 721 filii
405 655 463 720 Dei
493 655 580 739 digni
609 655 673 717 sint
698 653 738 716 ad
764 672 853 716 sacro
880 652 991 716 ordine
1016 672 1217 736 promovere,
1245 673 1311 717 nen
1330 673 1386 738 per
1404 655 1492 719 vicos
1519 674 1625 739 neque
1643 674 1701 741 per
1720 654 1815 719 villas
1839 656 1880 719 ad

267 759 432 824 ecclesiam
454 759 595 820 vicinas⁸
614 754 664 819 vel
686 756 891 818 terminantes
913 756 982 817 sine
1003 755 1182 838 magisterio
1203 756 1253 819 vel
1275 756 1458 841 disciplina,
1481 759 1537 841 qui
1558 756 1707 821 sarabaiti
1717 760 1747 803 ¹⁰
1766 758 1880 823 dicun-

267 871 336 939 tur,
358 859 545 924 luxoriando
565 858 616 922 vel
636 856 819 921 fornicando
841 856 891 919 vel
918 858 1013 920 etiam
1039 862 1160 920 caetera
1185 858 1297 941 iniqua
1322 858 1496 942 operando,
1522 878 1606 942 quae
1628 861 1800 925 consentiri
1824 858 1881 923 ab

266 964 396 1028 sardum
420 968 475 1025 est.
1912 980 1926 1019 s

367 1068 415 1130 23.
459 1063 628 1127 Presbiteri
650 1062 748 1125 cleros
771 1082 851 1145 quos
872 1081 979 1125 secum
1003 1060 1121 1124 habent
1137 1059 1269 1125 sollicite
1284 1062 1503 1145 praevideant,
1523 1068 1561 1127 ut
1580 1065 1731 1129 canonice
1752 1065 1879 1129 vivunt:

268 1188 331 1229 non
353 1167 458 1230 inanis
479 1164 603 1228 lusibus
624 1164 675 1228 vel
695 1165 850 1228 conviviis
877 1162 1074 1227 secularibus
1094 1163 1144 1227 vel
1168 1165 1302 1227 ‘canticis
1328 1164 1380 1229 vel
1406 1164 1580 1229 luxoriosis
1605 1186 1702 1231 usum
1722 1164 1879 1249 habeant3

267 1268 322 1332 sed
344 1274 428 1330 caste
448 1274 480 1331 et
500 1265 625 1330 salubre
646 1267 763 1328 vivant.

367 1371 415 1434 24.
458 1367 586 1449 Siquis
614 1375 720 1431 autem
748 1365 901 1450 presbiter
926 1367 1013 1430 siveh
1042 1366 1207 1446 ducenos,
1237 1368 1292 1449 qui
1318 1368 1473 1452 posthoc
1499 1369 1534 1431 in
1562 1367 1656 1432 domo
1682 1388 1742 1433 sua
1767 1388 1878 1434 secum

267 1473 416 1536 nuilieres
436 1480 526 1534 extra
545 1472 729 1534 eanonicam
749 1469 908 1532 licentiam
928 1468 1043 1532 habere
1067 1469 1290 1551 presumserit,
1318 1470 1471 1534 honorem
1492 1469 1589 1533 simul
1615 1476 1648 1535 et
1672 1470 1878 1535 hereditatem
1899 1494 1926 1533 m

268 1576 420 1659 privetur*
443 1576 558 1656 usque¹
580 1572 618 1635 ad
640 1578 780 1635 nostram
802 1572 1001 1655 presentiam.

368 1816 416 1878 25.
459 1812 501 1875 Ut
521 1813 651 1875 comites
673 1818 704 1875 et
724 1811 894 1874 centenarii
916 1809 954 1873 ad
976 1829 1103 1873 omnem
1124 1811 1277 1875 iustitiam
1299 1812 1480 1876 faciendum
1500 1812 1678 1898 conpellent
1691 1820 1723 1877 et
1736 1814 1879 1879 iuniores

269 1916 399 1979 talesia
422 1915 624 1977 nrinisteriist
645 1914 713 1977 suis
733 1912 885 1992 habeant,
905 1913 939 1975 in
961 1911 1078 1995 quibus
1099 1914 1202 1976 securi
1224 1912 1398 1994 confident,
1420 1916 1476 1998 qui
1491 1915 1593 1999 legem
1605 1915 1710 1999 adque
1723 1916 1879 1979 iush'tiam

269 2017 402 2080 fideliter
416 2015 597 2094 observent,
616 2034 771 2098 pauperes
790 2034 993 2097 nequaquam
1006 2015 1198 2097 oppriment,
1218 2014 1305 2080 fures
1319 2016 1520 2100 latronesque
1536 2022 1568 2080 et
1578 2016 1766 2097 homicidas,
1789 2018 1880 2081 adul·

274 2128 372 2198 teres,
399 2118 550 2182 malificos
577 2118 681 2201 adque
701 2118 913 2179 incantatores
932 2114 984 2179 vel
1012 2117 1238 2199 auguriatrices
1263 2137 1438 2201 omnesque
1464 2118 1634 2201 sacrileges
1654 2118 1743 2183 nulla
1769 2118 1880 2183 adula-
1900 2140 1925 2179 rs

269 2223 355 2285 tione
379 2222 427 2284 vel
449 2221 623 2304 praemium
647 2218 799 2302 nulleque
820 2217 879 2282 sub
901 2218 1051 2301 tegimine
1072 2216 1172 2281 celare
1195 2218 1324 2297 audeat,
1345 2219 1400 2283 sed
1418 2221 1519 2304 magis
1538 2220 1685 2304 prodere,
1712 2228 1750 2285 ut
1771 2240 1880 2287 emen-

269 2325 385 2387 dentur
411 2330 441 2386 et
466 2324 659 2405 castigentur
680 2320 857 2384 secundum
878 2319 994 2402 legem,
1021 2327 1058 2383 ut
1077 2317 1145 2383 Deo
1166 2319 1319 2402 largiente
1339 2322 1447 2385 emnia
1467 2321 1543 2384 haee
1565 2322 1648 2385 mala
1667 2342 1687 2385 a
1706 2322 1880 2388 christiano

268 2426 384 2510 populo
405 2426 574 2488 auferatur.

370 2530 417 2592 26.
460 2526 502 2590 Ut
522 2526 642 2589 iudices
663 2524 840 2589 seeundum
862 2526 1010 2607 scriptam
1032 2524 1134 2608 legem
1154 2525 1237 2588 iuste
1258 2524 1413 2603 iudicent,
1434 2544 1499 2588 non
1520 2525 1697 2590 secundum
1711 2526 1878 2593 arbitrium

270 2650 375 2693 surim.
1897 2652 1924 2689 zo

369 2731 430 2794 21¹.
473 2729 734 2812 Precipimusque
759 2735 795 2791 ut
821 2729 855 2790 in
877 2729 963 2790 omni
985 2747 1081 2811 reguo
1104 2734 1210 2792 nostro
1231 2748 1336 2811 neque
1357 2727 1533 2793 divitibus²¹
1560 2750 1664 2813 neque
1683 2731 1881 2815 pauperibus

272 2852 376 2916 neque
399 2832 571 2915 peregrinis
592 2850 685 2895 neme
707 2832 906 2913 hospitium¹n
928 2830 1083 2914 denegare
1104 2831 1234 2908 audeat,
1254 2830 1286 2893 id
1308 2837 1356 2894 est
1376 2832 1443 2895 sive
1452 2833 1626 2915 peregrinis
1635 2840 1763 2917 propter
1773 2832 1879 2899 Deum

271 2933 563 3019 perambulantibus
591 2942 705 2996 terram
733 2935 799 2996 sive
826 2931 955 2995 cuihbet
983 2934 1109 2996 iteranti
1137 2941 1263 3017 propter
1290 2953 1428 2997 amorem
1449 2932 1509 2997 Dei
1534 2939 1566 2998 et
1590 2942 1717 3019 prepter
1743 2935 1880 3001 salutem

269 3039 395 3101 animae
423 3055 499 3099 suae
526 3042 644 3098 tectum
676 3042 706 3098 et
732 3036 839 3097 fecum
860 3040 892 3097 et
912 3054 1028 3116 aquam
1049 3034 1095 3097 illi
1117 3053 1211 3098 nemo
1233 3034 1372 3118 deneget.
1415 3034 1449 3099 Si
1470 3042 1575 3099 autem
1598 3036 1735 3120 amplius
1757 3038 1805 3101 eis
1823 3036 1881 3101 ali-

270 3140 349 3223 quid
369 3138 443 3201 boni
465 3137 566 3201 facere
587 3137 732 3215 veluerit,
752 3158 771 3199 a
791 3135 858 3199 Deo
880 3135 941 3199 sibi
962 3138 1040 3199 sciat
1060 3136 1299 3200 retributionem
1319 3138 1485 3220 eptimam,
1505 3144 1542 3201 ut
1563 3139 1629 3222 ipse
1646 3138 1740 3203 dixit:
1762 3138 1880 3215 ‘Quin
1897 3162 1924 3202 ss

271 3249 378 3305 autem
400 3241 572 3323 susceperit
594 3259 694 3302 unum
716 3238 885 3321 parvulum
906 3246 1032 3322 propter
1053 3257 1118 3317 me,
1143 3257 1195 3301 me
1216 3238 1377 3322 suscepit’,
1404 3248 1435 3303 et
1454 3239 1543 3303 alibi:
1572 3238 1711 3333 ‘Hospes
1719 3244 1748 3286 ¹²
1773 3240 1821 3307 tui
1849 3254 1882 3307 et

270 3344 453 3426 suscepistis
474 3341 549 3404 me'.

370 3448 417 3511 28.
459 3443 508 3508 De
529 3442 738 3526 legationibus
758 3464 776 3505 a
797 3442 913 3505 domne
936 3444 1121 3526 imperatore
1142 3440 1352 3505 venientibus.
1396 3441 1502 3507 Missis
1529 3442 1655 3507 directis
1682 3449 1719 3508 ut
1747 3448 1880 3511 comites

270 3556 302 3611 et
324 3548 494 3611 centenarii
525 3546 729 3629 praevideant
751 3546 837 3607 omui
860 3544 1087 3625 sollieitudine,
1118 3546 1201 3608 sicut
1219 3546 1320 3627 gratie
1341 3544 1450 3607 domni
1470 3546 1649 3627 imperatori
1667 3548 1817 3631 cupiunt.
1842 3560 1880 3613 ut

268 3649 390 3731 absque
410 3647 473 3711 ulla
481 3661 493 3687 ¹¹
515 3667 603 3709 mora
623 3653 714 3709 erent¹¹
736 3666 792 3730 per
813 3647 1003 3709 ministeria*
1025 3666 1152 3727 eorum,
1173 3645 1386 3729 omnibusque
1397 3648 1527 3710 omnine
1540 3650 1711 3733 praecepit,
1731 3650 1878 3733 quiahoc
1895 3676 1922 3715 a

269 3751 365 3814 debiti
388 3756 463 3814 sunt
476 3749 671 3833 praevidere,
692 3753 727 3810 ut
742 3747 862 3810 nullam
878 3767 999 3810 meram
1016 3768 1176 3831 nusquam
1186 3750 1339 3831 patiatur,
1361 3749 1414 3811 sed
1424 3768 1499 3813 cum
1513 3751 1601 3813 omui
1611 3749 1812 3817 festinatione
1823 3772 1878 3816 eos

268 3854 385 3916 liaciaut
405 3853 450 3915 ire
472 3852 554 3913 viam
578 3870 682 3923 suam,
703 3859 734 3912 et
754 3850 857 3913 tahter
877 3849 1106 3933 providentiam
1128 3870 1218 3913 suam
1236 3849 1385 3930 habeant,
1405 3858 1443 3914 ut
1456 3851 1546 3915 missi
1555 3853 1656 3916 nestri
1676 3852 1854 3937 disponant

369 3957 415 4019 29.
457 3952 540 4016 Ι)ε13
568 3954 750 4035 pauperinis
781 3970 854 4015 vero
882 3952 937 4034 qui
963 3953 996 4014 in
1020 3972 1078 4015 sua
1101 3951 1289 4033 elymosyna
1309 3952 1446 4016 domnus
1465 3954 1636 4037 imperator
1656 3954 1802 4019 coneedit
1821 3958 1877 4040 qui

269 4077 325 4140 pre
346 4056 451 4119 banno
473 4076 531 4118 sue
553 4054 674 4117 solvere
696 4053 827 4133 debent,
849 4061 883 4116 ut
904 4073 957 4116 eos
978 4054 1114 4132 iudiceS,
1135 4055 1265 4118 comites
1284 4054 1335 4118 vel
1355 4055 1443 4118 missi
1465 4056 1564 4119 nostri
1578 4076 1636 4139 pro
1649 4076 1876 4123 cencessenon

269 4158 405 4223 habeant
425 4159 640 4240 constringere
661 4162 766 4239 parter
788 4175 853 4218 sua.
1895 4188 1922 4225 as

368 4262 417 4323 ae.
461 4258 508 4322 lle
529 4260 578 4321 his
600 4278 680 4341 quos
702 4257 771 4319 vult
791 4256 928 4320 domnus
949 4259 1131 4341 imperator,
1154 4255 1277 4320 Christo
1298 4258 1446 4341 propitio,
1467 4277 1575 4342 pacem
1595 4259 1878 4327 defensiouemha-

268 4362 362 4425 beant
374 4363 405 4424 in
425 4380 522 4444 regno
543 4381 616 4436 suo,
636 4359 670 4422 id
692 4366 767 4422 sunt
789 4360 845 4441 qui
866 4359 903 4421 ad
927 4379 1018 4422 suam
1031 4359 1231 4422 clementiam
1246 4358 1410 4435 festinant,
1431 4358 1539 4443 aliquo
1554 4362 1703 4425 nuntiare
1713 4364 1878 4448 cupientes

269 4466 337 4527 sive
364 4484 404 4527 ex
433 4464 611 4526 christianis
633 4462 700 4525 sive
720 4480 760 4523 ex
782 4463 928 4544 pergame,
957 4470 1013 4525 aut
1041 4468 1167 4544 prepter
1192 4461 1300 4543 inopia
1322 4461 1371 4524 vel
1392 4468 1518 4545 prepter
1536 4461 1653 4527 famem
1673 4464 1876 4549 suffragantia

268 4576 441 4648 vetuerunt,
470 4573 505 4628 ut
534 4565 641 4628 nullus
668 4582 721 4625 ees
745 4562 806 4626 sibi
828 4564 955 4625 servitio
976 4565 1190 4646 crrrrstringere
1211 4562 1261 4625 vel
1283 4581 1438 4647 usurpare
1458 4564 1596 4628 audeant
1616 4584 1721 4650 neque
1740 4566 1877 4633 alienare

269 4682 373 4745 neque
395 4663 539 4735 vindere;
568 4664 623 4726 sed
645 4664 700 4727 ubi
723 4672 834 4747 sponte
856 4684 982 4728 manere
1004 4664 1178 4743 volueriut,
1200 4663 1260 4727 sub
1283 4664 1465 4729 defensione
1485 4666 1594 4729 domni
1615 4667 1813 4751 imperatoris
1833 4668 1876 4735 ibi
1895 4700 1922 4737 e»

369 4856 398 4925 g'-
420 4856 476 4908 viui
491 4876 514 4907 c.
594 4856 627 4924 11⁴)
649 4857 707 4909 sine
722 4878 745 4909 c.
834 4858 854 4923 ἰ]
877 4858 974 4927 princi.
989 4858 1133 4928 utriusque
1148 4878 1190 4926 r·.;
1206 4859 1273 4927 (cyr.
1289 4860 1565 4929 e.3‘2.3(isubfiue.)
1654 4860 1685 4931 k)
1707 4862 1839 4919 misteriis
1851 4884 1876 4917 c.

271 4936 279 4988 l
309 4935 375 5004 (lup
385 4935 420 4986 ‘li
437 4936 534 5001 legitur·
547 4937 627 4989 veiam
642 4938 668 4987 iu
684 4956 816 4989 commum
832 4940 952 5006 quodam
968 4939 1060 4991 cedet-e
1073 4938 1199 4992 certesiae
1205 4940 1339 4993 thlooe
1351 4941 1419 5009 sign.
1434 4940 1512 4993 Aean.
1529 4941 1598 4993 ¹131..
1612 4942 1721 4995 amulo
1734 4944 1877 4997 undecimo

267 5016 370 5085 avo-ipro
384 5016 441 5083 sol.
450 5016 485 5069 31
497 5058 504 5079 ,
518 5017 691 5087 irum-ipram:
705 5018 743 5072 lit
757 5019 846 5071 οιιιιιὶε
859 5019 944 5072 hemo
959 5020 994 5072 ad
1008 5018 1092 5072 alium
1109 5019 1250 5073 hominem
1267 5020 1417 5091 hospitium
1432 5027 1586 5091 preparent
1599 5020 1667 5075 Kar.
1680 5040 1735 5077 rex.
1776 5022 1815 5085 ml
1836 5024 1876 5077 ito

270 5096 331 5147 eod
347 5095 434 5163 Ileut;
447 5096 523 5149 dives
537 5114 626 5167 neque
640 5115 745 5167 pauper
760 5116 849 5168 neque
863 5117 914 5168 per
927 5099 1031 5152 nemini
1047 5098 1166 5169 inspieia
1179 5100 1240 5152 eod.
1257 5102 1321 5152 I'or.
1383 5102 1413 5155 nl
1430 5101 1516 5154 ullum
1532 5108 1641 5155 orteaut
1653 5120 1677 5155 r.
1738 5102 1768 5173 ef*
1783 5104 1876 5159 miste·

269 5175 310 5229 ria
323 5194 346 5227 c.
428 5180 457 5246 p'.
480 5176 517 5227 ita
532 5177 650 5241 (terrram,
663 5195 712 5246 pre
725 5184 783 5232 arte
796 5198 819 5229 c.
1895 5222 1924 5261 ⁴5

371 5348 418 5399 llll
442 5348 580 5416 Iaeqraetiou.
595 5349 740 5401 ecthetas
754 5370 777 5400 e.
789 5350 812 5403 l.
911 5350 958 5421 11j:
982 5351 1082 5403 ararath.
1093 5352 1145 5420 18,
1161 5351 1185 5405 5.
1278 5352 1324 5409 1⁴2)
1346 5352 1509 5421 elevate,
1523 5352 1569 5407 35.
1659 5352 1708 5425 13)
1729 5354 1772 5409 No
1785 5354 1821 5407 (ιό
1833 5354 1877 5421 t‘t'a,

267 5446 317 5516 qui
326 5453 420 5499 semro
435 5446 551 5497 barranum
570 5446 671 5513 regrum
690 5448 799 5515 qrrirlenu
819 5449 918 5516 emerim
935 5450 985 5502 ead
997 5449 1093 5517 peribus
1108 5456 1222 5519 propter·
1239 5449 1383 5519 proprium
1396 5458 1536 5519 egestatem
1551 5450 1723 5521 imperatoria
1735 5452 1875 5507 maa

266 5544 350 5595 luituri
360 5544 459 5597 aolrrtr‘o
472 5561 595 5597 comessa
600 5544 706 5612 puerit,
721 5544 829 5597 ‹rorrrr'tea
842 5545 945 5599 masiae
958 5564 1009 5599 arra
1023 5546 1186 5599 urreters'arte
1200 5546 1317 5599 barritum
1331 5547 1444 5616 κέραιε.
