4380 6248
263 357 328 423 442
834 360 1008 417 ANSEGISI
1028 360 1323 420 CAPITULARIcnr

370 539 418 604 35.
459 537 507 602 De
528 545 611 603 terra
632 537 804 601 tributaria
846 535 1048 621 Quicumque
1058 544 1174 602 terram
1193 537 1407 616 tributariam,
1427 537 1513 602 unde
1524 537 1684 603 tributum
1704 542 1744 604 ad
1764 550 1882 626 partem

269 647 410 704 nostram
432 641 520 704 exire
540 639 675 716 solebat,
697 639 746 704 vel
768 639 808 702 ad
829 640 992 703 ecclesiam
1013 639 1066 703 vel
1078 639 1208 704 cuilibet
1218 640 1308 704 altari
1320 639 1497 719 tradiderit,
1518 642 1546 704 is
1568 642 1626 725 qui
1646 661 1718 706 eam
1740 663 1883 728 suscepe

268 743 311 805 rit
331 740 487 806 tributum
510 743 595 825 quod
617 742 691 806 inde
713 739 895 805 solvebatur
915 742 1003 804 omni
1030 741 1124 804 modo
1146 742 1186 805 ad
1208 748 1330 824 partem
1357 747 1498 804 nostram
1519 744 1695 827 persolvat,
1723 747 1786 809 nisi
1806 746 1883 810 forte

269 843 365 908 talem
386 843 568 908 firmitatem
589 844 628 908 de
648 849 735 927 parte
756 843 914 906 dominica
934 842 1062 921 habeat,
1089 862 1146 926 per
1167 863 1264 927 quam
1287 845 1393 927 ipsum
1414 843 1570 908 tributum
1593 845 1656 909 sibi
1675 847 1881 930 perdonatum

269 947 369 1028 possit
391 946 564 1009 ostendere.
946 991 949 997 -
1906 974 1917 1014 a

368 1050 417 1114 33
459 1045 507 1111 De
527 1046 690 1111 beneficiis
711 1047 886 1111 destructis.
928 1045 1130 1129 Quicumque
1152 1067 1249 1111 suum
1280 1046 1472 1131 beneficium
1498 1050 1665 1114 occasione
1692 1053 1813 1135 proprii
1833 1053 1884 1116 de-

268 1156 390 1213 sertum
411 1149 557 1213 habuerit
576 1156 608 1213 et
627 1151 710 1213 intra
731 1169 869 1228 aunum,
891 1153 1059 1232 postquam
1080 1150 1110 1213 ei
1131 1170 1150 1212 a
1173 1150 1288 1213 comite
1308 1149 1359 1212 vel
1381 1150 1479 1213 misso
1498 1158 1608 1214 nostro
1631 1160 1746 1216 notum
1767 1153 1883 1218 iactum

269 1252 378 1331 fuerit,
398 1250 477 1315 illud
499 1251 701 1316 emendatum
722 1270 787 1314 non
809 1250 971 1327 habuerit,
991 1252 1097 1334 ipsum
1118 1251 1311 1315 beneficium
1333 1252 1463 1315 amittat

369 1355 417 1418 37.
457 1352 506 1417 De
527 1360 609 1417 terra
628 1353 753 1417 censali.
795 1353 828 1417 Si
850 1354 923 1437 quis
948 1361 1064 1416 terram
1092 1353 1249 1417 censalem
1278 1353 1441 1433 habuerit,
1466 1374 1563 1437 quam
1590 1362 1810 1422 antecessores
1836 1361 1884 1423 sui

267 1457 319 1521 vel
343 1456 382 1520 ad
404 1456 542 1539 aliquam
566 1456 729 1519 ecclesiam
758 1455 809 1520 vel
835 1456 875 1518 ad
899 1455 1010 1519 villam
1036 1461 1178 1519 nostram
1203 1455 1371 1534 dederunt,
1397 1456 1581 1521 nullatenus
1607 1477 1678 1522 eam
1708 1461 1884 1525 secundum
1897 1483 1920 1523 u

268 1560 373 1642 legem
393 1566 501 1622 tenere
521 1563 640 1641 potest,
665 1559 728 1622 nisi
748 1558 801 1622 ille
819 1557 957 1621 voluerit
977 1558 1016 1621 ad
1037 1559 1131 1622 cuius
1152 1564 1340 1642 potestatem
1365 1558 1417 1621 vel
1437 1558 1490 1620 illa
1510 1559 1644 1623 eeclesia
1663 1561 1717 1624 rel
1738 1562 1792 1625 illa
1816 1563 1886 1626 villa

268 1663 420 1744 pertinet,
441 1661 503 1724 nisi
524 1661 603 1724 forte
623 1661 709 1724 tilius
730 1666 786 1724 aut
806 1679 904 1744 nepos
924 1660 994 1724 eius
1015 1661 1056 1724 sit
1075 1661 1131 1744 qui
1148 1679 1220 1723 eam
1237 1659 1366 1723 tradidit
1386 1666 1417 1724 et
1437 1660 1467 1724 ei
1481 1660 1591 1724 eadem
1611 1669 1695 1725 terra
1716 1664 1756 1726 ad
1779 1670 1887 1729 tenen·

272 1764 348 1827 durn
371 1764 484 1847 placita
505 1764 551 1826 sit
593 1762 654 1826 Sed
676 1764 709 1825 in
730 1762 788 1825 hac
809 1782 843 1826 re
863 1762 1129 1826 considerandum
1149 1768 1211 1840 est,
1235 1767 1344 1825 utrum
1361 1761 1414 1825 ille
1439 1762 1495 1845 qui
1516 1762 1599 1826 hanc
1620 1770 1709 1828 tanet
1733 1765 1825 1830 dives
1846 1787 1886 1830 an

271 1886 391 1949 pauper
412 1867 453 1928 sit
473 1871 504 1929 et
524 1871 632 1928 utrum
653 1864 739 1928 aliud
761 1863 951 1928 beneficium
975 1862 1104 1942 habeat,
1137 1864 1186 1929 vel
1212 1865 1308 1928 etiam
1329 1865 1509 1948 proprium;
1539 1872 1569 1928 et
1591 1867 1648 1948 qui
1669 1866 1789 1931 horum
1810 1889 1887 1933 neu·

273 1975 359 2031 trum
380 1967 485 2047 habet,
506 1987 580 2051 erga
600 1967 686 2030 lrunc
706 1967 950 2030 misericorditer
972 1966 1131 2049 agendum
1152 1974 1213 2043 est,
1243 1985 1283 2030 ne
1301 1985 1340 2029 en
1362 1972 1427 2029 toto
1450 1965 1638 2050 dispoliatus
1659 1969 1692 2031 in
1715 1979 1887 2053 egestatem
1899 1998 1922 2038 u

269 2070 402 2147 incidat;
435 2080 470 2132 ut
490 2075 546 2132 aut
565 2069 660 2132 talem
681 2087 815 2132 censum
835 2069 909 2132 inde
929 2068 1085 2152 persolvat
1112 2069 1216 2152 qualis
1243 2069 1272 2132 ei
1298 2068 1394 2132 fuerit
1419 2069 1612 2132 constitutus
1634 2070 1685 2134 vel
1710 2074 1886 2154 portionem

268 2173 410 2255 aliquam
433 2171 507 2235 inde
529 2172 561 2234 in
583 2170 774 2235 beneficium
796 2172 929 2253 accipiat
949 2170 1035 2234 unde
1056 2190 1089 2234 se
1110 2175 1288 2234 sustentare
1310 2170 1418 2233 valeat

370 2277 418 2340 38.
459 2272 507 2337 De
528 2275 623 2336 nonis
644 2280 675 2336 et
695 2273 834 2336 decimis.
877 2271 1138 2336 Consideratum²
1160 2278 1222 2352 est,
1241 2280 1278 2336 ut
1300 2271 1502 2355 defrngibus
1523 2282 1623 2337 terrae
1646 2284 1677 2337 et
1697 2277 1887 2341 animalium

268 2377 444 2440 nutrimine
464 2375 691 2459 persolvantur.
733 2373 781 2438 De
802 2393 896 2457 opero
918 2393 992 2438 vero
1021 2373 1071 2438 vel
1098 2375 1327 2438 restauratione
1355 2374 1560 2438 ecclesiarum
1588 2395 1695 2440 comes
1715 2385 1746 2441 et
1768 2381 1888 2463 episco-

269 2498 331 2562 pus
353 2480 420 2542 sive
441 2476 538 2541 abbas
560 2496 720 2541 unacum
743 2478 840 2541 misso
861 2484 985 2556 nostro,
1008 2495 1105 2560 quem
1119 2477 1179 2559 ipsi
1198 2475 1258 2539 sibi
1271 2476 1311 2539 ad
1333 2477 1392 2539 hoc
1411 2476 1579 2560 elegerint,
1599 2480 1929 2546 considerationsmro

269 2581 401 2659 faciant,
428 2586 465 2642 ut
485 2581 710 2663 unusquisque
732 2599 843 2643 eorum
865 2585 990 2642 tantum
1018 2578 1092 2642 inde
1118 2580 1250 2662 accipiat
1280 2578 1319 2641 ad
1347 2579 1543 2662 operandum
1573 2588 1603 2643 et
1631 2584 1888 2661 restaurandum,

270 2688 427 2765 quantum
450 2682 517 2764 ipse
538 2681 691 2745 derebus
717 2681 925 2745 ecclesiarum
942 2681 1068 2746 'habere
1096 2681 1330 2763 cognosciturb3
1363 2681 1508 2744 similiter
1532 2688 1563 2744 et
1590 2685 1674 2746 vassi
1702 2687 1804 2748 nostri
1833 2694 1888 2750 ant¹

272 2787 305 2847 in
328 2803 498 2848 commune
517 2790 642 2847 tantum
662 2786 765 2867 operis
788 2785 945 2867 accipiant
961 2789 1117 2866 quantum
1129 2802 1236 2846 rerrrnr
1260 2782 1543 2847 ecclesiasticarum
1564 2783 1696 2864 habent,
1718 2787 1769 2849 vel
1788 2808 1888 2852 uuus·

272 2888 409 2969 quisque
431 2905 486 2969 per
510 2905 544 2949 se
565 2887 654 2948 iuxta
676 2888 887 2968 quantitatem
911 2906 1009 2968 quam
1032 2887 1098 2969 ipse
1119 2891 1213 2948 tenet.
1256 2887 1324 2948 Aut
1345 2887 1371 2948 si
1391 2887 1538 2950 intereos
1557 2891 1757 2965 convenerit,
1779 2904 1815 2954 ut
1832 2912 1887 2975 pru

273 3008 367 3071 opere
387 2988 528 3052 faciendo
550 2995 718 3071 argentum
739 2989 874 3067 donent,
896 2990 986 3051 iuxta
1001 2989 1250 3051 aestimationem
1263 2989 1366 3070 operis
1387 2989 1419 3050 in
1442 2997 1572 3071 argento
1593 2989 1790 3072 persolvant3
1812 3013 1930 3057 cumas

271 3111 335 3173 quo
356 3092 455 3174 pretio
477 3097 578 3153 rector
589 3090 738 3154 ecclesiae
759 3090 799 3153 ad
813 3090 1003 3173 praedictam
1015 3091 1275 3154 restaurationem
1298 3091 1456 3173 operarios
1470 3090 1647 3155 conducere
1670 3099 1702 3156 et
1722 3097 1885 3159 materiam

271 3212 376 3257 eruere
396 3193 502 3275 possit.
545 3192 586 3255 Et
606 3193 662 3275 qui
683 3211 785 3255 nonas
807 3199 839 3255 et
860 3192 998 3255 decimas
1020 3191 1094 3255 dare
1115 3191 1305 3274 neglexerit,
1326 3192 1465 3274 primurn
1478 3192 1606 3274 quidem
1629 3194 1700 3258 illas
1720 3216 1796 3260 cum
1819 3198 1886 3282 lege

268 3316 330 3360 sua
351 3297 495 3359 restituat
516 3301 548 3359 et
564 3296 695 3378 insuper
721 3293 864 3357 bannum
895 3301 1037 3357 nostrum
1067 3293 1182 3372 solvat,
1212 3300 1247 3356 ut
1272 3295 1316 3356 ita
1342 3296 1513 3377 castigatus
1541 3303 1662 3374 caveat,
1691 3317 1732 3362 ne
1760 3302 1885 3384 saepius

275 3398 417 3462 iterando
439 3396 629 3461 beneficium
651 3397 781 3459 amittat.

372 3501 420 3565 39.
463 3497 510 3562 De
531 3500 698 3582 mancipiis
720 3500 752 3561 in
777 3498 869 3562 villas
898 3498 1073 3561 dominicas
1100 3497 1367 3580 confugientibus.
1418 3498 1450 3563 Si
1477 3500 1647 3565 cuiuslibet
1674 3504 1834 3588 mancipia
1852 3505 1913 3567 ina

267 3602 379 3666 uilla-m
407 3609 547 3665 nostram
567 3601 780 3684 confugerint,
805 3607 891 3664 actor
917 3600 1060 3664 eiusdem
1080 3599 1173 3663 villae
1200 3602 1363 3681 quaerenti
1390 3600 1518 3664 domino
1538 3621 1575 3665 ea
1596 3622 1660 3666 non
1684 3606 1883 3676 contradicat.

272 3705 329 3768 sed
358 3706 463 3768 statim
490 3723 527 3767 ea
555 3703 638 3766 ioras
666 3704 704 3766 de
733 3702 841 3766 eadem
871 3702 946 3764 villa
973 3702 1080 3779 eiciat3
1108 3703 1191 3764 etsi
1222 3721 1255 3766 se
1283 3710 1372 3786 putat
1399 3703 1437 3765 ad
1471 3723 1506 3767 ea
1534 3706 1705 3788 repetenda
1733 3709 1882 3771 iustitiam

278 3806 407 3884 habere,
433 3812 552 3889 repetat
579 3813 610 3868 et
630 3805 806 3869 secundum
829 3804 929 3887 legem
953 3803 1106 3886 adquirat.
1147 3803 1180 3867 Si
1208 3822 1283 3867 vero
1312 3810 1451 3888 tempore
1476 3805 1584 3869 domni
1606 3805 1715 3871 Karoli
1734 3811 1884 3892 genitoris

275 3910 374 3973 nostri
396 3911 429 3972 in
452 3908 558 3971 villam
579 3907 667 3971 illam
689 3908 901 3990 confugerunt
926 3911 958 3970 et
983 3906 1132 3969 dominus
1153 3925 1191 3969 ea
1217 3908 1357 3988 quaerit,
1386 3916 1472 3970 actor
1490 3909 1633 3973 eiusdem
1652 3911 1748 3976 villae
1769 3921 1824 3976 aut
1849 3932 1883 3977 ea

275 4012 415 4095 legitime
444 4012 603 4074 contineat
628 4016 684 4073 aut
711 4009 876 4093 quaerenti
911 4008 1040 4071 domino
1065 4008 1181 4072 reddat
1227 4006 1269 4072 Et
1302 4015 1388 4072 actor
1414 4016 1540 4093 propter
1565 4012 1752 4076 vestituram
1777 4015 1915 4078 domnia

274 4112 384 4176 Karoli
407 4113 559 4195 genitoris
581 4113 680 4174 nostri
699 4111 809 4175 eadem
837 4111 993 4192 mancipia
1018 4110 1230 4174 contradicere
1257 4130 1320 4174 non
1349 4111 1478 4184 audeat,
1505 4114 1531 4175 si
1559 4113 1645 4176 illius
1671 4118 1798 4200 propria
1816 4136 1883 4181 esse

273 4219 459 4278 noscuntur.

370 4318 418 4381 40.
460 4314 507 4379 De
528 4314 698 4379 forestibus
719 4316 843 4378 noviter
854 4314 1017 4378 institutis.
1060 4312 1120 4377 Utc
1142 4315 1338 4397 quicumque
1349 4314 1418 4378 illas
1436 4315 1529 4380 habet
1551 4318 1702 4397 dimittat,
1724 4322 1786 4384 nisi
1807 4321 1883 4385 forte

272 4419 388 4482 indicio
418 4419 520 4481 veraci
548 4416 712 4481 ostendere
741 4418 853 4499 possit,
880 4415 965 4498 quod
993 4434 1049 4499 per
1074 4416 1248 4479 iussionem
1280 4417 1348 4480 sive
1374 4419 1614 4501 permissionem
1642 4420 1753 4484 domni
1777 4421 1881 4486 Kamli

272 4521 425 4604 genitoris
446 4521 545 4583 nostri
565 4538 620 4582 eas
641 4520 842 4582 instituisset:
865 4523 988 4601 practer
1005 4517 1076 4580 illas
1097 4537 1179 4601 quae
1200 4518 1238 4581 ad
1261 4526 1406 4583 nostrum
1428 4540 1508 4603 opus
1526 4523 1698 4604 pertinent,
1718 4525 1806 4589 unde
1826 4545 1913 4589 noso

269 4624 442 4688 decernere
465 4623 615 4686 volumus
636 4620 789 4704 quicquid
808 4620 900 4683 nobis
920 4620 1079 4702 placuerit

373 4727 421 4790 41.
463 4721 513 4787 De
532 4723 679 4803 modus
692 4741 754 4802 per
774 4721 899 4784 diense
919 4720 985 4784 loco
1005 4721 1217 4786 ωηοηάαηάὶε.
1260 4721 1433 4803 Volumus,
1455 4731 1491 4788 ut
1511 4727 1599 4791 missi
1622 4731 1724 4792 nostri
1743 4749 1801 4814 per
1820 4732 1881 4793 sin·

271 4827 365 4910 gulas
385 4828 527 4890 civitates
547 4847 612 4889 una
639 4845 713 4889 cum
740 4825 886 4907 episcopo
915 4830 946 4886 et
973 4826 1086 4889 comite
1114 4827 1229 4890 missos
1257 4826 1307 4891 vel
1334 4833 1458 4891 nostros
1484 4829 1628 4894 homines
1652 4830 1773 4896 ibidem
1799 4853 1880 4897 conr·

272 4935 437 4992 manentes
456 4929 589 5011 eligant,
617 4946 754 5011 quorum
783 4945 860 4989 cura
881 4927 922 4989 sit
942 4936 1053 5009 pontes
1072 4946 1129 5010 per
1149 4927 1274 4992 diversa
1294 4928 1362 4992 loca
1392 4930 1575 5009 emendare,
1603 4939 1634 4996 et
1654 4951 1710 4997 eos
1734 4937 1789 5018 qui
1811 4937 1878 4999 illos

269 5031 439 5095 emendare
457 5030 573 5094 debent
593 5048 633 5093 ex
655 5037 763 5093 nostra
776 5030 917 5093 iussione
928 5028 1113 5108 admonere,
1135 5036 1169 5093 ut
1181 5032 1405 5114 unusquisque
1417 5034 1507 5096 iuxta
1525 5053 1616 5099 suam
1638 5036 1874 5119 possibilitatem
1886 5067 1911 5106 a

268 5138 301 5195 et
322 5133 528 5213 quantitatem
549 5151 604 5197 eos
624 5132 791 5196 emendare
812 5132 944 5195 studeat

373 5235 423 5297 42.
465 5232 512 5298 Do
533 5235 688 5318 legatione
711 5235 855 5297 omnium
876 5234 1048 5297 missorum
1060 5231 1294 5308 dominicorum,
1316 5233 1484 5316 dequibus
1498 5237 1644 5302 videlicet
1663 5243 1770 5306 causis
1791 5263 1878 5327 agere

271 5332 417 5397 debeant
463 5333 589 5418 legatio
618 5336 761 5399 omnium
790 5336 961 5398 missorum
990 5341 1171 5398 nostrorum
1199 5334 1275 5398 haec
1304 5342 1358 5398 est.
1400 5334 1507 5400 Primo
1528 5343 1582 5417 ut,
1612 5342 1697 5407 siout
1719 5345 1784 5408 iam
1811 5346 1877 5410 aliis

372 5550 400 5621 a)
422 5548 657 5611 Considerandum
670 5554 751 5608 multi
763 5557 843 5610 codd.
904 5556 934 5626 b)
956 5563 1140 5628 cognoscatur
1149 5555 1206 5611 alri'.
1275 5549 1306 5633 c)
1319 5557 1456 5616 Volumus
1469 5560 1876 5631 cerasuntensium

268 5648 326 5703 que
336 5631 523 5704 praecipimus
534 5641 565 5688 ut
577 5634 635 5690 Vnt.
646 5634 706 5690 Pol.
717 5634 782 5690 583.
796 5636 853 5691 Vot.
864 5634 928 5690 θὴν.
938 5635 1004 5690 974.
1883 5640 1909 5687 ⁸⁰
