4380 6248
271 339 309 404 12
791 342 1052 402 CAPITULARIA
1073 343 1356 401 MEROWINGICA.

269 526 327 587 niti
351 524 517 589 emendare
540 526 751 610 neglexerint,
778 527 869 589 iuxta
889 525 973 608 quod
995 525 1190 589 conditiones
1206 545 1374 589 causarum
1395 532 1450 589 aut
1472 525 1643 588 excessusb
1664 544 1872 608 personarum

270 627 445 709 exegerint,
473 627 552 690 alios
578 628 729 691 canonica
757 628 907 690 severitas
929 628 1076 709 corrigat,
1103 627 1181 690 alios
1200 627 1309 711 legalis
1329 646 1430 710 poena
1447 627 1608 711 percellat:
1639 629 1790 710 quoniam
1812 645 1873 690 uec

269 728 452 792 innoeentes
473 734 576 811 potest
595 728 725 793 reddere
744 728 856 792 collata
879 730 1031 792 securitas
1051 727 1180 809 liberos,
1199 730 1261 792 nisi
1283 718 1553 811 certaculparum
1571 727 1713 812 probatio
1731 729 1873 812 punierit

270 830 471 909 criminosos,
498 849 558 894 nec
582 831 702 893 minor⁰
730 835 778 894 est
802 831 902 913 pietas
929 836 1091 913 protervos
1112 832 1245 909 conteri,
1266 851 1362 914 qnam
1384 831 1523 895 relevare
1543 849 1747 914 compressos.
1791 829 1873 894 Gon-

269 932 357 994 veuit
378 950 467 1014 ergo,
488 938 536 1010 ut,
564 932 702 995 iustitiae
722 937 753 995 et
773 933 940 1015 aequitatis
958 934 993 995 in
1013 932 1162 996 omnibus
1183 933 1291 1015 vigore
1310 939 1450 1012 servate,
1479 933 1645 1013 distringat
1664 931 1773 1015 legalis
1793 931 1872 994 ultio
1908 951 1921 989 a

268 1032 410 1095 iudicum
429 1052 510 1116 quos
530 1053 594 1096 non
616 1035 743 1117 corrigit
763 1035 914 1097 canonica
933 1034 1120 1117 praedicatio
1141 1032 1346 1097 sacerdotum.
1389 1033 1459 1108 Quo
1479 1034 1550 1114 fiat,
1577 1040 1627 1112 nt,
1655 1034 1731 1096 dum
1752 1041 1872 1117 praete-

269 1134 330 1196 rita
350 1141 531 1197 resecantur
551 1135 686 1215 scelera,
706 1135 816 1199 nullus
840 1135 954 1199 audeat
976 1143 1153 1220 perpetrare
1163 1135 1289 1215 futura,
1307 1141 1339 1199 et
1357 1137 1401 1198 ita
1423 1137 1587 1199 universos
1608 1135 1796 1199 excedentes
1816 1153 1873 1217 pro

270 1235 453 1319 disciplinae
473 1242 582 1300 tenore
603 1237 758 1300 servando
777 1238 977 1302 correctionis
997 1237 1104 1300 fraena
1125 1239 1353 1321 constriugant,
1383 1246 1418 1301 ut
1440 1239 1474 1300 in
1496 1239 1644 1302 universa
1668 1238 1794 1320 regione
1818 1255 1875 1299 no·

271 1344 333 1401 stra
352 1339 438 1421 pacis
459 1344 490 1401 et
510 1338 695 1402 concordiae
714 1340 785 1401 iura
804 1338 992 1421 proficiant

370 1438 482 1502 Cuncti
510 1440 617 1522 itaque
643 1439 764 1503 iudices
790 1441 888 1520 iusta,
914 1441 996 1504 sicut
1021 1439 1089 1504 Deo
1120 1441 1236 1524 placet,
1265 1440 1413 1504 studeant
1441 1441 1514 1504 dare
1540 1440 1673 1517 iudicia3
1705 1461 1779 1504 uam
1807 1459 1870 1504 non
1894 1461 1921 1501 ιο

270 1540 404 1604 dubium
424 1548 486 1619 est,
509 1541 594 1625 quod
611 1543 716 1604 acrius
736 1541 809 1604 illos
831 1541 1053 1605 condemnabit
1073 1543 1228 1606 sententia
1247 1543 1346 1605 nostri
1367 1542 1491 1623 iudicii,
1517 1542 1676 1626 aquibus
1699 1562 1765 1606 nou
1787 1548 1873 1606 teue-

269 1649 322 1706 tur
348 1644 489 1726 aequitas
509 1643 677 1707 iudicandi
718 1642 791 1706 Non
813 1643 967 1706 vicarios3
992 1652 1047 1708 aut
1068 1662 1276 1727 quoscunque
1297 1643 1335 1707 de
1357 1644 1452 1707 latere
1473 1663 1531 1707 suo
1552 1663 1607 1727 per
1627 1645 1787 1728 regionem
1810 1643 1887 1707 eibi.

269 1745 470 1807 commissam
490 1745 654 1808 instituere
674 1744 724 1808 vel
741 1744 897 1808 destinare
912 1751 1131 1828 praesumant,
1154 1747 1224 1828 qui,
1245 1745 1330 1828 quod
1351 1744 1446 1825 absit,
1468 1745 1559 1809 malls
1576 1745 1723 1829 operibus
1740 1764 1873 1809 consen·

270 1845 375 1908 tiendo
396 1847 595 1910 venalitatem
616 1856 796 1928 exerceant,
817 1853 872 1911 aut
891 1848 1003 1930 iniqua
1022 1845 1279 1931 quibuscumque
1299 1848 1398 1931 spelta
1418 1847 1533 1911 infame
1553 1856 1764 1931 praesumant.

370 1946 562 2011 Clericorum
593 1949 857 2033 transgressiones
886 1969 960 2012 cum
989 1949 1166 2012 adversario
1192 1950 1359 2032 instigante
1393 1951 1600 2033 contigerint,
1631 1956 1787 2033 quantum
1810 1949 1873 2012 illis
1894 1979 1921 2019 n

269 2069 325 2132 pro
355 2050 462 2113 divino
489 2070 595 2115 amore
618 2052 795 2114 reverentia
823 2052 923 2114 maior
945 2051 1149 2134 impenditur,
1175 2057 1298 2115 tantum
1325 2054 1472 2116 convenit
1493 2059 1529 2116 ut
1549 2054 1653 2116 acrius
1674 2058 1872 2129 resecentur,

270 2152 420 2233 quoniam
439 2153 465 2215 si
485 2154 584 2215 sancti
610 2158 750 2235 pastores
774 2159 830 2216 aut
856 2154 992 2216 instituti
1020 2153 1155 2234 indicae,
1180 2154 1265 2237 quod
1294 2154 1381 2218 nefas
1401 2160 1464 2234 est,
1493 2153 1707 2219 subiectorum
1735 2174 1868 2218 suorum

269 2252 386 2316 scelera
410 2255 516 2337 potius
543 2255 698 2318 occultare
725 2274 822 2338 quam
852 2273 992 2319 resecare
1017 2257 1218 2335 tentaverint,
1247 2275 1280 2319 se
1311 2274 1351 2319 cx
1379 2256 1438 2318 hoc
1465 2255 1601 2344 amplius
1627 2275 1697 2319 reos
1724 2275 1793 2319 esse
1823 2256 1874 2319 vel

270 2355 383 2419 noxios
402 2375 467 2418 non
487 2357 641 2440 ignorent.

370 2455 492 2520 Cuncta
518 2477 591 2541 ergo
619 2477 700 2541 quae
724 2458 820 2522 huius
846 2458 938 2522 edicti
966 2464 1074 2522 tenore
1097 2459 1310 2539 decrevimus,
1343 2460 1563 2544 perpetualiter
1589 2459 1738 2523 volumus
1769 2465 1873 2523 custo-
1894 2491 1921 2530 ς.)

270 2558 343 2638 diri,
370 2559 445 2641 quia
464 2560 499 2622 in
520 2566 627 2623 sancta
648 2560 769 2640 synodo
789 2557 1013 2623 Matisconensi
1033 2560 1109 2624 haec
1130 2561 1252 2640 omnia,
1288 2562 1370 2624 sicut
1391 2564 1507 2641 nostiS,
1529 2560 1711 2624 studuimus
1732 2559 1874 2640 definire,
1951 2562 1958 2569 '

270 2680 352 2744 quae
372 2662 528 2744 praesenti
549 2662 732 2724 auctoritate
755 2661 931 2743 vulgamus.

370 2759 559 2840 &ascriptio
580 2761 686 2824 comni
706 2760 924 2825 Gurdhromni
944 2762 1033 2843 repis.
1075 2763 1262 2827 Perrunast.
1302 2762 1382 2827 Data
1403 2763 1462 2827 sub
1485 2763 1534 2827 die
1557 2772 1668 2846 quarto
1701 2764 1780 2828 Idus
1805 2763 1873 2827 No·

271 2858 415 2923 vembres
435 2879 518 2922 anno
539 2857 680 2922 XXIIII.
702 2861 791 2942 regni
810 2862 1013 2944 suprascripti
1032 2863 1122 2944 regis.

370 3082 402 3154 b)
424 3102 534 3139 excesso
555 3101 588 3138 ex
609 3083 635 3138 3.
717 3082 746 3153 c)
767 3085 855 3139 maior
877 3085 900 3139 1.

370 3306 402 3377 3)
423 3307 602 3361 Ceuterurrioe.
685 3308 716 3375 4)
736 3311 859 3366 Perenne
871 3312 899 3365 in
907 3328 982 3381 papo
994 3309 1140 3363 Arrtbiauai.

493 4091 533 4194 tl.
570 4084 890 4195 PACTUM
929 4085 1509 4197 GUNTOHRAMNI
1551 4087 1645 4197 ΕΤ

756 4266 1269 4378 CHILDEBERTI
1308 4266 1376 4375 II.

939 4461 1019 4538 587.
1047 4464 1128 4534 nov.
1148 4459 1203 4535 re.

376 4632 540 4714 Truditur
560 4653 594 4714 in
618 4651 767 4737 Gregorii
787 4649 977 4713 Turmrenarir
996 4651 1129 4714 historio
1149 4649 1344 4712 Francorum
1377 4647 1455 4711 libro
1473 4648 1534 4712 IX.
1554 4653 1656 4735 cipar'te
1674 4653 1728 4729 20,
1760 4652 1871 4715 tiasen‘·
1891 4673 1919 4713 re

264 4763 355 4836 ptrrm
377 4754 410 4814 r'n
432 4750 591 4815 maulim
614 4752 763 4838 Gregorii
778 4751 955 4815 redactae:
974 4750 1149 4836 Exemplar
1169 4751 1340 4834 paccionis.
1496 4751 1583 4833 (BJ,
1610 4756 1645 4817 ll
1655 4776 1666 4830 ,·
1687 4752 1723 4814 P.
1740 4753 1768 4831 I,
1787 4748 1831 4836 3.)

372 4934 474 5040 Cum
500 4978 534 5040 in
557 4975 671 5040 Cluisti
699 4978 827 5041 nomine
855 4977 1142 5061 praecellentissimi
1170 4978 1278 5041 domui
1306 4976 1566 5041 Guntchramnus
1599 4985 1630 5040 et
1650 4975 1871 5040 Childebertue

268 5097 358 5163 reges
379 5077 429 5141 vel
443 5077 668 5161 gloriosissima
688 5077 805 5141 domna
816 5077 1036 5142 Bruuechildis
1053 5081 1162 5162 regina
1181 5079 1499 5153 Andelaolcaritatis
1520 5079 1623 5142 studio
1638 5080 1872 5158 convenissent,

267 5187 304 5245 ut
324 5182 430 5244 omnin
453 5199 535 5263 quae
555 5179 779 5262 undecumque
796 5182 878 5244 inter
902 5182 988 5264 ipsos
1013 5181 1197 5244 scandalum
1223 5188 1367 5264 poterant
1395 5200 1544 5265 generare
1570 5180 1709 5264 pleniore
1739 5180 1871 5244 consilio

270 5282 451 5363 definirent,
470 5281 502 5344 id
523 5284 606 5345 inter
629 5301 683 5345 eos
699 5281 911 5346 mediantibus
934 5282 1147 5346 sacerdotibus
1168 5291 1263 5366 atque
1281 5283 1477 5367 proceribuS,
1506 5281 1572 5347 Deo
1595 5283 1711 5364 medie,
1732 5283 1870 5346 caritatis
1890 5300 1918 5341 ss

270 5384 374 5449 studio
406 5383 502 5463 sedit,
535 5384 652 5467 placuit
671 5392 766 5466 atque
801 5386 962 5456 convenit,
984 5391 1036 5462 ut,
1066 5385 1209 5467 quandiu
1235 5404 1289 5449 eos
1314 5382 1402 5449 Deus
1429 5386 1627 5468 omnipotens
1652 5387 1686 5448 in
1714 5386 1873 5469 praesenti

373 5618 400 5669 ll
422 5615 540 5669 italam
559 5622 686 5668 rostrum.
