4380 6248
886 386 967 444 cini
987 386 1136 442 NOSTRA
1158 384 1345 442 COLLA'PA.

312 568 404 615 Pertzii
424 567 502 614 editio

345 639 415 684 Tem.
436 638 468 684 11.
1566 640 1658 687 Nostra
1672 641 1750 689 aditio

311 723 507 878 118.οΡ16ρί61
528 796 612 879 regis
633 795 804 878 capitulano
824 796 1063 879 Aquitanicam.
1106 795 1232 860 768.
1474 844 1481 857 .
1523 725 1683 860 ..1281

285 895 1266 980 511Κ6661161666166611611666116661661666116666616.
1310 843 1431 963 7m89
1424 945 1430 957 .
1473 948 1479 959 .
1523 946 1529 960 .
1574 948 1580 960 .
1622 900 1671 964 66.

311 1001 357 1063 16
380 997 509 1061 Karoli¹
531 997 641 1081 Magni
661 998 805 1079 synodus
825 997 977 1062 Romana.
1020 1000 1082 1064 866
1121 1047 1583 1065 ..........
1625 1000 1721 1065 deest.

311 1100 357 1163 16.
380 1098 489 1162 Karoli
511 1099 618 1183 Magni
639 1100 777 1183 capitula
798 1102 905 1164 missis
925 1101 1093 1164 dominicis
1114 1102 1298 1167 (1616862
1322 1150 1580 1166 ......
1624 1103 1691 1168 166

308 1301 376 1348 Tem.
387 1302 418 1348 11.
439 1316 496 1361 pars
507 1300 530 1349 2.

310 1386 488 1521 Ρ11Κ61611
512 1455 621 1540 Magni
642 1457 825 1520 constitutio
847 1455 1134 1538 66661616666616.2
1176 1454 1236 1518 784
1268 1503 1527 1518 ......
1559 1467 1577 1518 ·.
1620 1455 1715 1520 deest.

272 1584 298 1622 ro
329 1561 358 1624 2.
380 1558 488 1622 Karoii
510 1557 618 1641 Magni
639 1558 822 1621 constitutio
844 1556 883 1620 de
903 1555 1103 1640 expeditione
1123 1555 1287 1620 Romana³
1307 1576 1334 1619 6.
1356 1558 1417 1622 796
1475 1606 1481 1619 .
1525 1607 1531 1618 .
1576 1607 1582 1619 .
1625 1557 1720 1622 deest.

328 1663 356 1724 4.
379 1661 487 1725 Karoli
510 1660 551 1724 M.
574 1668 605 1725 61
628 1659 807 1723 Hludowici
828 1658 845 1722 I
865 1658 1036 1743 capitrdare
1057 1658 1141 1741 apud
1161 1658 1338 1722 Theodonis
1360 1658 1468 1721 villam
1523 1708 1529 1721 .
1574 1710 1579 1721 .
1621 1660 1690 1726 360.

332 1765 360 1828 6.
381 1763 562 1827 Hlndowiei
584 1762 599 1825 I
620 1763 818 1846 imperatoris
838 1767 966 1845 pactum
989 1780 1062 1824 cum
1085 1760 1229 1825 Pasehsli
1248 1781 1337 1845 papa.
1379 1762 1437 1826 817
1471 1808 1480 1823 .
1522 1810 1530 1825 .
1574 1812 1580 1824 .
1622 1763 1691 1827 363.

312 1869 358 1932 11.
379 1866 516 1950 Eugenii
537 1865 569 1929 11
592 1864 761 1929 concilium
782 1863 972 1927 Romanum.
1015 1864 1076 1928 826
1120 1913 1127 1926 .
1171 1914 1177 1925 .
1221 1914 1227 1926 .
1271 1915 1277 1926 .
1321 1915 1327 1925 .
1372 1914 1378 1926 .
1423 1915 1429 1928 .
1473 1913 1480 1926 .
1523 1915 1529 1926 .
1573 1915 1579 1928 .
1621 1865 1690 1929 376.

412 2114 440 2175 13·
463 2116 513 2168 Est
527 2123 631 2168 1661661
644 2115 742 2168 hond
750 2113 890 2184 povrtifims
898 2121 1097 2166 sacramentum
1105 2113 1307 2184 prsrpatorinm.

272 2242 298 2282 15
411 2230 440 2289 21
465 2231 623 2287 Cmrstitutio
637 2230 704 2283 iaec
717 2237 771 2282 est:
787 2226 858 2283 Cum
874 2228 902 2282 16
916 2226 1035 2283 Saxonis
1047 2228 1175 2284 orientali
1191 2245 1246 2282 666
1262 2246 1324 2283 6616
1341 2228 1510 2299 primoribus
1520 2227 1688 2284 Francorum
1701 2228 1920 2286 et0stsaxonum

308 2330 442 2401 placitum
454 2329 528 2384 infra
536 2328 632 2383 viliam
643 2327 781 2399 Scsnigge
791 2327 822 2381 16
835 2326 1057 2397 Nortthuringia,
1071 2326 1246 2381 adstantibus
1258 2326 1397 2397 episcopis
1408 2332 1437 2381 et
1447 2326 1597 2382 abbatibus
1607 2345 1663 2382 non
1674 2328 1779 2398 paucis,
1792 2328 1918 2384 habitum

309 2429 345 2483 sit
361 2437 390 2483 61
408 2429 443 2482 (16
457 2427 608 2497 666611666
628 2425 788 2480 multifariis
799 2432 982 2494 conventum,
1001 2424 1210 2492 constituimus,
1231 2432 1262 2478 ut
1283 2425 1312 2478 in
1326 2424 1389 2479 loco
1400 2422 1594 2496 Seligenstatt,
1610 2425 1695 2496 vulgo
1706 2424 1833 2496 Sliestst,
1848 2427 1923 2482 inter

309 2525 438 2582 Oreheim
456 2532 485 2580 61
497 2523 643 2596 Seanigge,
660 2522 709 2579 fist
722 2524 836 2595 opidum
857 2543 891 2579 er
902 2523 969 2578 villa
982 2530 1011 2578 61
1028 2522 1068 2578 161
1082 2522 1230 2593 episeopus
1243 2521 1361 2577 Saxonis
1379 2522 1522 2577 orientalis
1538 2523 1633 2577 sedere
1645 2524 1740 2594 possit.
1770 2523 1802 2578 Id
1817 2536 1883 2577 vero
1896 2524 1920 2578 si

309 2621 383 2678 effici
404 2641 458 2677 non
473 2623 573 2692 possit,
593 2622 771 2676 locusmaior
783 2629 811 2676 61
827 2621 951 2676 munitus
969 2621 998 2674 16
1017 2621 1111 2675 sedem
1130 2620 1253 2691 episcopi
1271 2639 1321 2691 per
1336 2620 1435 2675 missos
1448 2627 1477 2674 et
1496 2620 1612 2675 comites
1629 2628 1738 2676 nostros
1755 2621 1920 2693 deligendus

270 2726 297 2766 2⁰
308 2721 415 2790 est,ubi
426 2720 462 2775 66
476 2719 666 2775 invasionibus
676 2719 852 2775 orientalium
861 2719 1038 2773 inimicorum
1050 2718 1198 2788 episeopus
1210 2718 1251 2771 nil
1262 2718 1364 2773 babeat
1377 2718 1540 2773 timendum.
1559 2718 1698 2790 Episcopo
1706 2725 1735 2773 61
1744 2719 1916 2790 presbiteris,

308 2819 356 2890 qni
373 2819 415 2872 illi
427 2818 532 2872 debent
548 2834 607 2871 esse
620 2816 791 2885 obedientes,
812 2815 935 2871 Saxones
947 2834 998 2887 pro
1010 2816 1197 2889 sacramentis,
1213 2833 1263 2886 pro
1276 2817 1431 2887 sepultura,
1451 2833 1501 2888 pro
1515 2813 1609 2871 officio
1620 2815 1703 2886 vario,
1716 2817 1823 2873 (166661
1835 2816 1884 2872 nih
1890 2818 1918 2873 11.

307 2917 425 2972 Dabunt
443 2933 508 2971 vero
527 2914 653 2970 ecclesiis
670 2914 786 2985 singulis
797 2914 923 2986 singulos
937 2932 1060 2983 mansos,
1077 2913 1208 2984 episcopo
1221 2921 1250 2968 61
1261 2915 1423 2985 presbiteris
1440 2914 1562 2970 decimas
1575 2923 1604 2969 61
1615 2932 1701 2970 nonas
1713 2931 1746 2969 ex
1761 2914 1838 2970 omni
1853 2932 1917 2987 pro·

307 3022 405 3083 ventu,
424 3022 455 3068 61
469 3013 608 3068 antistites
626 3012 806 3067 ecclesiarum
832 3012 896 3066 inde
915 3012 1019 3079 virere,
1041 3029 1177 3084 pauperes
1191 3013 1329 3067 sublevari
1350 3020 1379 3067 et
1399 3012 1531 3067 utensilia
1544 3013 1680 3068 ecciesiae
1695 3012 1829 3084 cuiusque
1844 3030 1921 3069 eom-

307 3112 397 3184 purari
409 3111 524 3182 possint.

269 3225 296 3264 65
408 3208 600 3263 Promiserunt
614 3205 735 3262 Saxones
746 3215 928 3276 sacramento,
944 3209 1019 3279 quod
1038 3207 1110 3262 intra
1122 3226 1224 3263 annum
1241 3226 1304 3263 cum
1321 3207 1387 3277 suis,
1406 3214 1545 3279 quotquot
1562 3209 1685 3263 nondum
1699 3213 1764 3262 sunt
1777 3206 1921 3280 baptisati,

307 3307 476 3377 baptismum
489 3306 655 3376 suscipient,
675 3307 750 3377 quod
768 3323 831 3360 cum
844 3305 995 3360 comitibus
1013 3304 1114 3360 nostris
1128 3305 1280 3361 secundum
1301 3306 1377 3377 leges
1396 3305 1518 3377 ipsorum
1535 3305 1669 3360 iudicium
1688 3304 1803 3361 festinis
1819 3305 1917 3362 volunt

307 3405 434 3460 scabinos
455 3422 519 3459 suos
538 3403 698 3475 adiungere,
714 3404 788 3475 quod
800 3403 934 3475 paganias
950 3421 1014 3457 suas
1027 3402 1126 3457 volunt
1145 3403 1299 3472 dimittere,
1318 3403 1393 3473 quod
1407 3400 1544 3458 sacrificia
1558 3402 1702 3458 bominum
1715 3409 1744 3459 61
1759 3402 1921 3473 bestiarum,

307 3502 491 3558 cremationes
503 3502 649 3557 hominum
668 3510 848 3569 mortuorum,
861 3502 967 3556 incerta
978 3500 1095 3573 auguria
1109 3508 1138 3554 et
1149 3500 1334 3556 divinationes
1347 3498 1446 3556 infidas
1456 3500 1658 3572 derelinquent,
1669 3506 1698 3555 et
1711 3500 1824 3573 regibus
1835 3501 1923 3556 Fren-

307 3619 401 3655 eorum
422 3618 472 3671 per
483 3600 576 3655 omnia
592 3600 745 3654 manebunt
762 3596 872 3669 fideles,
891 3605 996 3654 stante
1011 3598 1153 3653 Kalendas
1165 3597 1232 3652 Maii
1247 3599 1320 3654 dona
1335 3606 1504 3670 component
1518 3605 1546 3655 et
1557 3604 1654 3670 postea
1670 3598 1751 3654 nobis
1762 3598 1798 3653 ad
1809 3604 1916 3654 curtem

269 3709 296 3749 so
305 3706 427 3753 nostram
438 3698 579 3768 Eresburg
590 3697 710 3752 mittent.
751 3695 832 3761 Quod
847 3714 911 3751 cum
925 3696 1051 3751 iurarunt
1062 3694 1157 3768 digitis
1168 3695 1198 3749 in
1218 3695 1328 3753 coelum
1342 3696 1471 3766 sublatis,
1492 3713 1543 3751 nos
1556 3695 1771 3751 misericorditer
1782 3703 1811 3749 et
1828 3695 1920 3767 propi·

306 3796 374 3860 tiata
399 3803 493 3851 mente
511 3794 585 3865 ipsos
609 3795 637 3848 in
659 3794 885 3849 mundiburdium
906 3812 939 3849 ac
962 3794 990 3847 in
1010 3793 1158 3848 tuitionem
1176 3799 1297 3848 nostram
1317 3800 1530 3864 nostrorumque
1550 3809 1739 3848 successorum
1760 3792 1920 3864 recipimus.

306 3893 405 3947 111616
427 3893 489 3947 usti.

407 3912 489 4042 11666
498 3989 712 4042 emistitutionem
725 3989 753 4042 in
766 3990 893 4043 chronico
905 3991 1029 4060 66661666
1042 3987 1298 4043 (16666666166661
1312 3994 1445 4058 66666166
1463 3986 1524 4040 loir.
1539 3985 1748 4058 Cisrbtopitoras
1757 3986 1917 4058 Harmberp

306 4089 334 4140 16
344 4090 436 4159 primo
446 4087 582 4153 fasciculo
595 4094 827 4140 monumentorum
840 4087 1031 4141 historicmmm
1042 4087 1134 4140 661666
1147 4087 1312 4140 ineditorum
1317 4103 1382 4156 pop.
1396 4084 1434 4138 90
1445 4102 1518 4138 enno
1533 4083 1611 4138 1768
1617 4085 1725 4155 primus
1734 4085 1830 4139 edidit
1858 4084 1916 4139 Sed

268 4204 295 4246 se
306 4187 347 4239 uti
356 4187 457 4254 esonte
469 4186 619 4238 admodum
630 4185 730 4237 incerto
741 4201 774 4237 ea
782 4185 931 4255 66666611,
944 4185 983 4238 ite
997 4184 1082 4255 ipsius
1093 4183 1175 4237 66666
1186 4183 1268 4236 edoni
1277 4183 1398 4254 spiciam
1412 4198 1472 4235 eam
1483 4183 1677 4249 demonement,
1685 4184 1792 4251 fictam,
1803 4190 1834 4236 61
1844 4183 1918 4237 otiie-

306 4293 359 4350 tur,
373 4284 497 4354 respectis
508 4282 651 4335 artnclibns
661 4282 894 4351 Levissimum,
913 4283 963 4351 qui
974 4298 1046 4335 6666
1060 4280 1117 4334 784
1133 4281 1270 4334 Kar-oium
1285 4283 1325 4334 cd
1333 4279 1493 4349 Scabininpi
1505 4280 1703 4334 consentiemus
1720 4297 1781 4333 cum
1794 4278 1915 4349 Ostsaia·

306 4382 452 4450 kessecdsee
466 4381 571 4439 6116661.
589 4418 603 4452 ,

407 4505 436 4567 31
459 4504 574 4558 Saeculo
584 4505 689 4557 decimo
703 4513 728 4558 ct
740 4505 882 4557 unrieeimo
896 4505 972 4556 liutici
982 4503 1064 4556 dubie
1072 4505 1142 4572 fictct
1157 4503 1227 4555 inter
1242 4519 1359 4555 recessus
1369 4502 1477 4573 r'snpm'i
1488 4500 1647 4556 Germanici
1654 4502 1761 4555 aiendo
1776 4500 1835 4554 erit.

362 5784 405 5824 nr..
422 5785 606 5826 ememus
626 5785 644 5828 1.
