4418 6226
871 377 1133 436 CAPITULARIA
1154 378 1319 434 ITALICA.
1839 380 1897 444 191

287 555 405 620 iniuste
427 556 561 635 tollitur,
590 557 766 622 secundum
786 558 887 641 legem
908 567 1075 642 componat
1096 567 1127 624 et
1148 561 1280 644 insuper
1300 560 1443 625 bannum
1463 569 1607 626 nostrum
1627 563 1667 626 ad
1687 564 1776 628 missi
1796 564 1897 627 nostri

288 665 462 743 componat

195 810 223 854 φ
286 792 290 802 ·
387 763 415 827 9.
458 760 507 826 De
526 769 668 844 moneta,
691 769 727 826 ut
746 763 855 827 nullus
877 769 948 847 post
968 762 1128 828 Kalendas
1147 765 1287 846 Augusti
1302 766 1378 828 istos
1396 764 1541 829 denarios
1562 786 1642 848 quos
1663 767 1756 830 modo
1779 766 1895 831 habere

287 863 348 926 visi
370 883 483 928 sumus
504 864 579 928 dare
599 865 715 929 audeat
734 872 790 928 aut
807 867 960 949 recipere3
983 867 1011 929 si
1033 867 1105 949 quis
1126 867 1185 930 hoc
1205 866 1326 947 fecerit,
1346 866 1491 930 bannum
1512 874 1656 931 nostrum
1680 877 1855 952 componat.

256 985 269 1024 a
387 968 434 1032 10.
474 964 523 1030 De
542 966 719 1030 latronibus
740 969 796 1050 qui
816 974 889 1032 aute
909 968 998 1031 missi
1020 970 1119 1032 nostri
1140 970 1272 1033 minime
1292 975 1465 1050 venerunt,
1486 978 1522 1033 ut
1542 971 1672 1034 comites
1692 989 1745 1034 eos
1764 971 1892 1054 perqui-

286 1074 358 1132 rant
384 1077 414 1133 et
434 1070 519 1152 ipsos
547 1075 604 1134 aut
623 1089 679 1154 per
699 1069 901 1134 fideiussores
929 1079 984 1134 aut
1010 1070 1070 1134 sub
1093 1072 1235 1135 custodia
1256 1078 1438 1153 serventur,
1465 1072 1564 1136 donec
1589 1073 1679 1136 missi
1703 1071 1821 1136 ibidem
1842 1092 1891 1136 re·

287 1176 424 1234 vertunt

395 1277 440 1339 11.
480 1274 525 1338 Ut
544 1273 654 1339 nullus
667 1275 800 1358 quilibet
810 1276 971 1339 hominem
984 1274 1293 1359 Langobardiscumq
1311 1277 1345 1337 in
1358 1277 1512 1340 vassatico
1530 1275 1580 1339 vel
1600 1277 1633 1339 in
1654 1295 1727 1339 casa
1739 1295 1797 1338 sua
1817 1276 1896 1339 reci·

205 1404 219 1430 ι
286 1375 374 1459 piatr,
394 1381 565 1459 antequam
594 1377 672 1441 sciat
698 1376 784 1441 unde
810 1378 927 1442 situel
953 1376 1111 1461 quomodo
1137 1385 1232 1441 natus
1259 1384 1320 1456 est3
1349 1379 1460 1460 etqui
1489 1378 1580 1441 aliter
1599 1377 1721 1457 fecerit,
1748 1376 1892 1440 bannum

242 1482 433 1541 mnostrum
453 1483 618 1561 conponat.

391 1581 433 1644 12.
455 1578 503 1644 De
523 1580 714 1645 sinodochiis
735 1581 884 1644 volumus
906 1581 1010 1664 adque
1030 1582 1222 1665 precipimus
1247 1588 1282 1645 ut
1302 1587 1477 1645 restaurata
1499 1581 1584 1645 fiant.

388 1683 435 1748 13.
475 1679 524 1746 De
549 1684 651 1746 vassis
676 1684 805 1766 regalis,
839 1682 877 1746 de
903 1684 1032 1746 iustitiis
1058 1682 1200 1763 illorum,
1227 1692 1264 1747 ut
1289 1690 1361 1747 aute
1386 1686 1531 1747 comitem
1563 1704 1659 1747 suum
1684 1685 1837 1768 recipiant
1867 1689 1900 1748 et

286 1783 428 1847 audant.

389 2012 418 2084 ql
439 2014 680 2086 languvardiscum
691 2032 742 2068 aaa
752 2015 888 2068 amiculi
898 2015 1003 2069 ratione
1010 2015 1035 2069 3.
1116 2015 1141 2086 r)
1163 2017 1286 2088 recipere
1299 2018 1433 2072 audeatl.

895 2324 1295 2333 —————--——

241 2697 270 2738 a
316 2648 381 2754 91.
420 2645 703 2755 ΡΙΡΡΙΝΙ
741 2646 1058 2756 [Tatina
1097 2646 1320 2757 REGIS
1357 2646 1860 2758 CAPITULARE.

984 2823 1202 2902 raa-rao.

388 2994 560 3102 Puppibus
581 3015 691 3080 dabbato
706 3017 917 3102 paschalibus
936 3019 1018 3081 anai
1028 3019 1084 3082 781
1105 3029 1251 3102 qtaatuaor
1271 3029 1390 3081 ianuam
1402 3040 1503 3081 uanos
1515 3029 1612 3081 uatus
1631 3041 1652 3080 a
1666 3016 1784 3081 Karou>
1799 3029 1896 3102 patre

289 3124 567 3211 langobardorum
587 3149 645 3188 raa
665 3126 851 3188 eoaaata'tuaaa
871 3123 1047 3209 cmaplurea
1067 3127 1301 3189 constituamus
1322 3124 1371 3189 uel
1388 3148 1450 3188 aaa
1463 3124 1512 3188 vel
1525 3125 1634 3208 patria
1654 3126 1841 3188 auctoretate
1860 3125 1895 3187 ia

287 3251 415 3314 rapacum
435 3251 528 3291 auum
549 3228 661 3290 anaba't.
702 3226 847 3290 Primam
859 3228 940 3290 auter
954 3229 1044 3310 ipsas
1057 3226 1159 3290 mum
1172 3239 1236 3289 tam
1250 3229 1285 3291 ia
1299 3226 1461 3291 coriambus
1522 3227 1550 3303 1)
1568 3225 1717 3290 Obababao
1732 3226 1799 3289 ΕΙ
1802 3226 1835 3289 V.
1844 3227 1893 3291 la.

241 3341 271 3381 ¹⁰
283 3328 343 3412 fal.
355 3331 406 3396 84.
465 3329 497 3406 2)
512 3327 705 3393 Oaaaaaa'ffl.
728 3328 786 3411 fol.
799 3330 860 3393 244
877 3353 972 3413 quiam
993 3330 1026 3391 a'a
1047 3328 1127 3392 labro
1139 3327 1216 3413 apia
1228 3319 1509 3414 Laupobardaam
1522 3328 1639 3412 hyatu
1653 3340 1732 3391 taam
1746 3340 1857 3413 quarto
1872 3352 1895 3390 a

287 3454 336 3496 me
355 3430 437 3496 edito
457 3430 514 3495 lzoc
536 3430 623 3516 qaod
639 3431 780 3515 sequitur
800 3429 977 3514 capabalarc
996 3431 1126 3511 obtabat,
1153 3429 1239 3515 quod
1255 3441 1393 3514 respecto
1414 3432 1615 3514 capitaneae
1636 3442 1666 3493 et
1685 3428 1803 3514 epidapo
1823 3453 1887 3492 aaa

287 3545 359 3598 aare
378 3535 583 3614 aaaum782,
610 3545 747 3617 respecto
768 3531 921 3596 cacaleb
942 3531 1077 3616 Poppaei
1096 3531 1272 3617 capiaalari
1290 3531 1405 3615 paullo
1429 3544 1503 3615 post
1527 3543 1675 3616 quaaraam
1695 3530 1814 3594 Karolc'
1832 3533 1893 3595 iter

286 3634 429 3699 italam
450 3635 529 3714 (786.
545 3635 614 3711 787)
635 3646 701 3697 orto
721 3647 751 3698 et
768 3634 851 3697 lanc
869 3646 1011 3697 nostram
1022 3635 1270 3698 constitutionem
1285 3635 1319 3696 ia
1340 3633 1501 3697 codicibus
1521 3635 1726 3719 subsequeati
1741 3656 1803 3696 aaa
1818 3645 1894 3717 post

286 3759 404 3801 cauum
423 3738 483 3803 786
514 3735 633 3800 editum
659 3736 742 3799 malai
764 3735 896 3800 videtur.
937 3735 1042 3798 Haud
1067 3735 1160 3799 dabie
1180 3735 1311 3820 Papiae,
1336 3735 1475 3817 fortasse
1505 3736 1539 3799 iu
1573 3734 1703 3799 coacr'la’o
1726 3734 1884 3799 Kalendis

240 3850 270 3891 ¹⁵
286 3838 416 3903 Martiis
436 3861 519 3902 marc
539 3837 820 3924 Langobardorum
842 3840 969 3922 antipae
989 3838 1110 3918 habito,
1138 3837 1194 3900 boc
1215 3837 1392 3922 capitulare
1412 3836 1542 3901 debendi
1564 3838 1685 3901 ratibus
1705 3837 1887 3922 Langobar·

286 3938 397 4004 ἆοηωη
415 3938 515 4004 edicte
537 3939 733 4003 sabaalla'muna
754 3941 955 4003 corastc‘tutum
978 3951 1032 4003 eat.
1424 3938 1477 4020 (B.
1499 3939 1600 4019 ‹Iaeat;
1626 3938 1664 4002 P.
1679 3940 1708 4020 I,
1728 3940 1793 4019 42.)

386 4098 437 4207 ln
456 4146 587 4208 nomine
607 4144 728 4207 domini
749 4145 848 4207 nostri
869 4143 942 4208 Iesu
965 4143 1097 4224 Christi,
1125 4144 1260 4227 qualiter
1280 4144 1468 4227 complacuit
1488 4142 1579 4208 nobis
1599 4143 1712 4226 Pipino
1733 4142 1889 4207 excellen-

284 4246 407 4311 tissimo
425 4247 493 4331 regi
513 4248 617 4330 gentis
635 4244 929 4329 Langobardorum,
953 4257 1047 4309 cum²
1067 4247 1212 4311 adessent
1232 4244 1324 4309 nobis
1344 4265 1418 4309 cum
1447 4246 1581 4329 singulis
1602 4247 1773 4329 episcopis,
1796 4243 1891 4308 abba-

284 4346 371 4412 tibus
390 4352 423 4412 et
442 4346 611 4412 comitibus
632 4367 688 4411 seu
711 4354 741 4411 et
760 4348 875 4431 reliqui
901 4348 1010 4411 fideles
1037 4356 1161 4412 nostros
1181 4348 1319 4412 Francos
1347 4355 1378 4411 et
1395 4346 1618 4431 langobardos
1645 4348 1701 4430 qui
1723 4345 1888 4409 nobiscum

239 4460 268 4503 ⁸⁰
285 4458 361 4514 suut
379 4449 431 4514 vel
450 4452 483 4512 in
504 4448 596 4513 Italia
615 4452 881 4514 commoranturb.

384 4554 411 4616 l.
452 4551 496 4616 Ut
515 4551 663 4616 ecclesias
684 4550 885 4635 baptismales
906 4571 963 4615 seu
985 4553 1127 4616 oraculas
1153 4555 1208 4636 qui
1235 4572 1288 4617 eas
1317 4553 1449 4635 alonge
1471 4558 1610 4635 tempore
1630 4555 1888 4614 restauraverunt

284 4672 360 4717 mox
379 4654 495 4719 iterum
516 4660 693 4718 restaurare
713 4653 862 4734 debcant,
890 4660 922 4718 et
942 4662 1006 4717 tam
1032 4657 1130 4719 curtis
1151 4657 1236 4738 regia
1264 4674 1360 4737 quam
1388 4661 1419 4717 et
1438 4652 1660 4737 langobardos
1686 4652 1781 4715 talem
1805 4650 1885 4714 inibi

285 4754 420 4820 habeant
439 4755 702 4835 dominationem,
723 4755 850 4839 qualem
871 4756 997 4820 illorum
1023 4758 1154 4841 alonge
1176 4767 1315 4840 tempore
1335 4755 1396 4819 fuit
1416 4754 1621 4819 consuetudo.

383 4858 413 4923 2.
454 4857 498 4923 Ut
518 4857 681 4942 pontifices
702 4859 848 4922 ordinent
868 4867 899 4922 et
919 4858 1086 4942 disponant
1107 4860 1330 4942 uuusquisque
1351 4878 1425 4922 suas
1437 4855 1584 4920 ecclesias
1601 4856 1752 4918 canonico
1771 4854 1891 4932 ordine,

240 4967 269 5010 ⁸⁶
284 4964 316 5024 et
335 4960 511 5024 sacerdotes
532 4979 608 5024 suos
628 4960 679 5023 vel
700 4960 830 5023 clericos
851 4962 1068 5044 constringant
1089 4962 1239 5024 canonice
1259 4958 1394 5022 vivendo
1416 4959 1532 5022 ordine
1580 4957 1669 5021 Etsi
1690 4958 1764 5041 quis
1783 4957 1888 5039 ponti·

283 5058 337 5125 lex
355 5062 456 5126 cleros
476 5081 552 5126 suos
573 5063 723 5125 canonico
743 5061 853 5125 ordine
873 5062 1059 5145 distringere
1079 5063 1216 5126 noluerit
1237 5070 1268 5126 et
1288 5062 1328 5124 ad
1342 5061 1513 5124 secularem
1528 5060 1714 5143 pertraxerit
1734 5057 1886 5138 habitum,

286 5162 369 5245 quod
393 5182 531 5227 canones
558 5163 657 5227 cleros
682 5162 783 5227 facere
809 5163 992 5247 prohibent,
1026 5166 1125 5227 comis
1154 5166 1208 5248 qui
1236 5166 1269 5226 in
1295 5163 1363 5226 loco
1389 5162 1485 5226 fuerit
1512 5161 1675 5226 ordinatus
1700 5148 1913 5243 distringat⁰'

284 5261 354 5329 illos
371 5265 407 5328 in
426 5263 576 5328 omnibus
598 5265 637 5329 ad
659 5285 749 5328 suam
774 5275 894 5348 partem
916 5267 999 5330 sicut
1018 5273 1049 5329 et
1068 5266 1145 5330 alios
1167 5266 1361 5330 exercitales.

384 5463 412 5535 a)
432 5466 471 5519 ita
488 5466 534 5519 lab.
549 5467 599 5535 lap.
613 5467 720 5536 Laap.;
739 5484 802 5521 cum
816 5465 936 5520 om.1.2.
1017 5465 1048 5531 bl
1070 5466 1305 5521 commorantibus
1320 5467 1348 5519 1.
1381 5465 1485 5536 Incipit
1502 5465 1624 5536 capitula
1639 5463 1730 5535 pipini
1748 5462 1884 5518 excellen-

239 5548 269 5591 ⁴⁰
283 5542 383 5599 tinini
395 5545 469 5618 regis
480 5545 569 5599 ηιὺνὼ
581 5547 676 5600 litteris
687 5548 755 5599 adal.
763 5546 787 5600 2.
868 5546 894 5615 c)
915 5548 954 5599 sic
967 5547 1012 5600 aa.
1027 5547 1077 5616 lap.
1089 5548 1175 5616 Laap.
1181 5567 1192 5616 ;
1209 5547 1399 5617 stringaturl;
1417 5544 1562 5618 firgaturff.
