4380 6248
271 373 333 437 342
736 377 1021 432 ADDITAMENTA
1041 376 1096 432 ΑΙ)
1117 376 1343 433 HLL'DOWICI
1365 377 1419 432 Pll

272 556 403 639 praelati
428 562 458 619 et
485 555 640 639 praelatae
665 574 735 618 earn
763 555 914 617 libenter¹¹
945 572 1050 618 susce-
1105 554 1235 638 praelati
1269 560 1300 617 et
1328 553 1484 638 praelatae
1514 572 1583 618 eam
1616 551 1753 616 libenter
1783 569 1888 615 susee-

271 659 376 742 perint
397 658 627 741 diligenterque
639 656 864 721 transscribere
873 655 1054 719 studuerint
1106 659 1208 740 pen'nt
1222 656 1453 740 diligenterque
1468 653 1694 720 transscribere
1710 653 1888 718 studuerint

273 768 303 822 et
325 759 436 823 devote
457 759 627 844 adimplere
646 760 736 822 iuxta
757 760 841 821 vires
862 758 1052 820 curaverint.
1105 766 1136 821 et
1157 758 1268 822 devote
1289 757 1460 841 adimplere
1480 760 1572 821 iuxta
1592 758 1677 820 vires
1699 757 1886 820 curaverint

273 860 431 938 Quoniam
458 862 600 925 tamdiu4
627 862 720 924 illum
753 862 786 922 in
819 866 875 923 tua
903 859 951 922 vel
979 878 1054 922 con·
1106 857 1264 935 Quoniam
1285 859 1407 923 tamdiu
1432 859 1504 923 illos
1531 861 1642 923 intua
1671 858 1723 922 rel
1748 877 1888 942 compro-

273 963 516 1047 pron'ncialium
554 971 682 1026 tuorum
718 963 834 1027 diocesi
872 963 987 1025 morari
1024 968 1055 1024 et
1105 961 1291 1024 vincialium
1312 970 1441 1025 tuorum
1468 962 1602 1026 dioecesi
1630 961 1748 1024 morari
1776 966 1808 1023 et
1827 959 1921 1023 dis-s

273 1066 450 1129 discurrere
479 1086 544 1129 una
573 1086 647 1129 cum
680 1067 777 1128 misso
809 1071 864 1127 tuo
891 1065 1053 1135 iussimus,
1105 1082 1231 1127 currere
1250 1083 1410 1138 unacum
1433 1066 1531 1129 misso
1552 1070 1607 1128 tuo
1633 1063 1807 1141 iussimus,
1835 1061 1888 1125 do·

273 1167 373 1230 donec
414 1163 454 1230 ab
489 1164 638 1228 omnibus
670 1172 860 1230 memoratae
900 1165 1055 1229 formulae
1106 1183 1164 1228 nec
1185 1165 1224 1228 ab
1246 1165 1395 1230 omnibus
1415 1171 1606 1230 memoratae
1624 1162 1782 1227 formulae
1804 1171 1887 1227 tran-

272 1269 585 1346 transscriberentur3
612 1277 648 1332 ut
670 1269 827 1346 videlicet,
848 1276 964 1331 cuncta
983 1286 1055 1351 pro·
1106 1265 1331 1345 scriberentnr3
1344 1266 1544 1345 utvidelicet‚
1557 1274 1674 1330 cuncta
1684 1274 1887 1349 procurantes

273 1390 389 1434 curans
422 1371 651 1454 diligenterque
685 1371 867 1455 perficiens,
910 1389 984 1433 cum
1014 1368 1054 1431 ad
1106 1367 1334 1451 diligenterque
1365 1376 1526 1447 taxantes,
1558 1388 1633 1432 cum
1668 1367 1709 1431 ad
1735 1387 1796 1431 uos
1820 1367 1887 1431 illos

272 1492 332 1535 nos
351 1472 442 1535 illum
464 1473 566 1536 redire
588 1492 680 1557 opere
701 1472 825 1556 expleto
838 1480 963 1555 tempus
984 1491 1054 1555 per·
1105 1469 1207 1533 redire
1215 1471 1439 1554 opereexpleto
1447 1470 1887 1554 tempuspermiserit‚cunaa
1898 1491 1920 1530 u

271 1576 407 1653 miserit,
428 1581 543 1638 cuncta
564 1594 646 1658 quae
667 1585 735 1638 acto
756 1581 832 1638 sunt
843 1584 946 1638 vestro
970 1580 1054 1638 utro·
1106 1590 1188 1653 quae
1209 1580 1277 1635 acta
1299 1580 1374 1636 sunt
1403 1581 1508 1637 vestro
1535 1581 1747 1655 utrorumque
1773 1573 1886 1655 scripto

272 1696 410 1760 rumque
431 1678 545 1760 scripto
575 1683 724 1742 notentur
751 1687 846 1760 atque
871 1695 928 1760 per
947 1677 1054 1759 ipsum
1104 1681 1255 1738 notentur
1274 1681 1369 1758 atque
1391 1695 1447 1759 per
1467 1677 1553 1758 ipsos
1573 1681 1734 1758 tuumque
1755 1676 1884 1737 missum

271 1784 429 1862 tuumque
449 1780 585 1842 missum
604 1786 730 1843 nostrae
748 1780 961 1843 dinoscentiae
980 1780 1053 1843 inti·
1105 1782 1230 1840 nostrae
1247 1776 1460 1841 dinoscentiae
1471 1779 1672 1856 intimentur,
1694 1777 1886 1855 utsciamua¹

271 1889 412 1960 mentm,
428 1889 464 1944 ut
477 1883 631 1961 sciamus,
644 1881 761 1965 quibus
771 1882 944 1963 gratiarum
958 1883 1053 1945 actio-
1104 1877 1222 1961 quibus
1237 1880 1410 1959 gratiarum
1433 1881 1573 1943 actiones
1588 1879 1722 1958 referre,
1743 1898 1884 1963 quosque

271 2003 328 2046 nes
349 1983 477 2061 referre,
499 2003 643 2067 quosque
656 1985 750 2047 etiam
765 1983 870 2067 dignis
885 1986 1053 2067 correptio-
1104 1983 1199 2044 etiam
1220 1980 1325 2064 dignis
1337 1981 1588 2066 correptionibus
1598 1982 1757 2063 corrigere
1777 1980 1917 2045 debes-u

272 2085 367 2149 nibus
380 2087 534 2170 corrigere
546 2086 726 2149 debeamus.
766 2084 817 2149 Siq
832 2085 1054 2168 veroaaliquis
1105 2103 1186 2147 mus.
1227 2082 1261 2147 Si
1281 2101 1355 2146 vero
1377 2083 1493 2167 aliquis
1517 2090 1591 2148 tuae
1611 2083 1765 2148 dioecesis
1786 2083 1883 2148 eidem

270 2194 343 2251 tuae
359 2188 519 2251 dioceseos
540 2186 642 2251 eidem
660 2188 850 2251 institutioni
862 2194 1051 2270 vestraeque
1103 2187 1295 2249 institutioni
1316 2193 1506 2269 nostraeque
1527 2185 1737 2249 admonitioni
1749 2187 1881 2269 procaci·

270 2289 478 2352 admonitioni
497 2289 669 2373 procaciter
687 2290 780 2352 reniti
796 2289 945 2367 voluerit,
965 2300 996 2353 ct
1016 2309 1053 2353 oa
1103 2294 1151 2350 ter
1173 2289 1266 2350 reniti
1292 2287 1442 2368 voluerit,
1473 2296 1504 2351 et
1536 2306 1573 2350 ea
1598 2306 1681 2370 quae
1708 2285 1750 2350 ab
1776 2287 1882 2351 eodem

271 2410 353 2474 quae
374 2390 413 2454 ab
435 2390 544 2455 eodem
567 2403 672 2453 sacror
698 2398 728 2455 et
754 2391 927 2455 venerabili
947 2394 1052 2455 conci·
1104 2409 1192 2452 sacro
1213 2398 1244 2452 et
1263 2388 1433 2452 vonerabili
1456 2389 1588 2452 concilio
1599 2390 1772 2452 constituta
1793 2400 1883 2473 atque

269 2494 311 2556 lio
333 2496 503 2557 constituta
521 2502 616 2576 atque
637 2494 761 2556 decreta
782 2499 874 2571 sunt,
896 2501 1052 2576 qnantum
1103 2489 1227 2554 decreta
1249 2505 1339 2570 sunt,
1369 2499 1525 2574 quantum
1546 2489 1707 2555 Dominus
1727 2493 1775 2555 eis
1795 2510 1914 2575 possea

269 2588 428 2655 Dominus
450 2596 478 2656 ei
500 2615 592 2678 posse
620 2596 751 2674 dederit,
783 2595 950 2659 observare
977 2616 1052 2659 con·
1103 2596 1232 2665 dederit,
1247 2595 1414 2658 observare
1426 2595 1656 2677 contempserit,
1676 2595 1882 2677 praecipimus

269 2695 445 2778 tempserit,
464 2699 675 2780 praecipimus
689 2704 738 2776 ut,
760 2700 787 2761 si
799 2706 892 2762 antea
905 2698 1052 2761 huiusce·
1104 2706 1152 2765 ut,
1178 2699 1203 2760 si
1229 2707 1321 2761 antea
1341 2695 1525 2759 huiusmodi
1552 2716 1614 2758 non
1646 2714 1680 2758 se
1704 2698 1880 2775 correxerit

270 2795 356 2858 modi
371 2815 433 2858 non
447 2815 481 2859 se
494 2800 680 2877 correxerit,
701 2801 913 2883 quicumquer
932 2800 985 2864 ille
997 2807 1052 2879 est
1104 2802 1288 2884 quicunque
1297 2799 1348 2863 ille
1359 2805 1423 2879 est,
1437 2805 1511 2862 ante
1522 2799 1733 2881 praesentiam
1745 2806 1881 2861 noemam

270 2908 342 2960 ante
354 2899 711 2980 praesentiamnostram
725 2907 780 2963 tua
792 2901 843 2972 vel
855 2903 944 2966 missi
953 2904 1052 2965 nostri
1103 2911 1159 2966 tua
1184 2902 1236 2966 vel
1265 2903 1436 2965 missorum
1465 2905 1645 2964 nostrorum
1672 2900 1881 2963 admonitione

270 3001 1052 3086 ammonitionevenircfestinetquatenusanobis
1103 3007 1212 3068 venire
1245 3005 1385 3079 festinet,
1427 3010 1585 3086 quatenus
1616 3022 1635 3064 a
1669 3002 1763 3065 nobis
1798 3003 1913 3065 iuxtra

269 3101 360 3163 iuxta
382 3103 590 3183 quantitatem
607 3104 717 3186 culpae
738 3104 833 3188 digne
854 3108 1035 3189 corrigatur.
1103 3106 1312 3188 quantitatem
1335 3104 1445 3188 culpae
1466 3104 1560 3188 digne
1580 3105 1766 3187 corrigatur.

371 3201 577 3268 Direximus⁶
603 3212 761 3288 praeterea
787 3206 844 3270 tibi
869 3207 994 3291 pondus
1021 3216 1051 3271 et
1203 3206 1389 3270 Direximus
1419 3212 1579 3289 praeterea
1607 3204 1665 3269 tibi
1699 3206 1826 3290 pondus
1852 3214 1880 3270 et

269 3323 467 3383 mensuram,
489 3307 666 3370 secundum
681 3328 763 3391 qnae
777 3309 898 3373 clericis
920 3318 951 3374 et
961 3331 1051 3374 sunc-
1101 3329 1299 3383 mensuram,
1341 3307 1518 3371 secundum
1562 3328 1658 3390 quam
1698 3308 1822 3373 clericis
1852 3316 1880 3372 et

270 3407 486 3471 timonialibus
508 3411 599 3492 panis
627 3417 657 3472 et
685 3421 779 3492 potus
801 3412 975 3494 aequaliter
996 3415 1050 3476 tri·
1102 3410 1395 3476 sanctimonialibus
1416 3411 1507 3493 panis
1536 3416 1567 3473 et
1594 3416 1690 3494 potus
1711 3410 1879 3494 aequaliter

269 3507 396 3572 buenda
418 3517 508 3573 sunt:
532 3530 613 3594 quae
635 3519 671 3574 ut
685 3512 724 3575 ab
738 3513 887 3576 omnibus
907 3511 1050 3577 firrnissi-
1101 3511 1270 3575 tribuenda
1299 3521 1387 3576 sunt:
1417 3531 1499 3595 quae
1526 3520 1562 3575 ut
1589 3512 1628 3574 ab
1657 3512 1809 3578 omnibus
1830 3513 1910 3577 tir-u

268 3629 320 3673 me
330 3618 424 3693 atque
432 3611 837 3689 inviolabiliterteneuntur,
850 3616 1050 3679 decernimus
1101 3616 1243 3678 missime
1271 3621 1366 3697 atque
1390 3613 1614 3677 iuviolabiliter
1638 3619 1801 3694 teneatur,
1832 3615 1879 3679 de·

269 3720 312 3789 et,
348 3731 388 3775 ne
416 3713 491 3795 quid
518 3715 703 3779 incrementi
735 3725 791 3780 aut
823 3717 1000 3780 detrimenti
1032 3739 1050 3780 a
1102 3719 1262 3780 cernimus
1283 3726 1327 3796 ot,
1347 3736 1387 3781 ne
1409 3717 1485 3799 quid
1507 3718 1695 3780 incrementi
1716 3726 1774 3780 aut
1791 3718 1878 3782 detri-

269 3833 431 3897 quoquam
457 3818 632 3898 patiantur,
660 3819 762 3882 modis
795 3818 945 3881 omnibus
969 3818 1049 3880 inhi-
1101 3822 1199 3884 rnenti
1219 3820 1595 3902 aquoqnampatiantur,
1616 3818 1878 3883 modisomnibus

271 3914 389 3979 bemus.
1100 3919 1291 3983 inhibemus,

367 4017 468 4081 Tuam
493 4021 591 4103 igitur
616 4026 651 4083 iu
671 4023 755 4086 calce
778 4025 874 4086 huius
895 4023 1049 4105 epistulae
1200 4021 1300 4085 Tuam
1320 4023 1419 4105 igitur
1443 4023 1476 4084 in
1502 4022 1586 4085 calce
1610 4022 1709 4087 huius
1734 4023 1908 4107 epistolueu

268 4120 478 4184 admonemus
526 4124 738 4198 sanctitatem,
791 4136 826 4188 ut
871 4126 1047 4189 secundum
1100 4124 1308 4187 admonemus
1320 4126 1532 4204 sanctitatem,
1545 4130 1582 4188 ut
1594 4124 1774 4188 secundum
1790 4125 1876 4188 mini·

267 4223 481 4285 ministerium
508 4223 564 4286 tibi
593 4225 701 4288 divino
729 4246 860 4289 munere
887 4228 1048 4291 conlatum
1100 4228 1231 4289 sterium
1252 4225 1309 4289 tibi
1331 4226 1439 4289 divino
1451 4244 1584 4289 munere
1594 4225 1746 4289 collatum
1758 4236 1877 4290 nomae

267 4331 392 4386 nostrae
412 4325 445 4386 in
466 4324 525 4387 hoc
549 4328 674 4407 negotio
696 4327 920 4392 saluberrimae
940 4330 1048 4392 admo·
1099 4330 1132 4391 in
1169 4329 1227 4391 hoc
1257 4330 1383 4412 negotio
1416 4327 1642 4392 saluberrimae
1673 4328 1875 4392 admonitioni

267 4427 381 4488 nitioni
419 4425 621 4491 oboedienter
655 4438 751 4511 atque
791 4430 1050 4493 inexcusabiliter
1100 4430 1281 4495 obedienter
1310 4437 1406 4514 atque
1426 4428 1687 4494 inexcusabiliter
1715 4450 1827 4514 pareas
1849 4440 1876 4493 et

267 4547 376 4610 pareas
389 4530 540 4593 etceteris
553 4531 1048 4615 inparendoexemplumbonum
1100 4534 1230 4596 caeteris
1252 4535 1284 4595 in
1304 4532 1443 4616 parendo
1471 4531 1654 4616 exemplum
1681 4531 1805 4597 bonum
1828 4533 1906 4597 tri-u

266 4629 395 4694 tribuas.
437 4629 577 4715 Dignum
592 4634 708 4715 quippe
729 4634 914 4716 iustumque
934 4645 981 4698 est
1003 4644 1047 4716 ut,
1100 4635 1186 4699 buas
1228 4633 1370 4719 Dignum
1384 4637 1558 4719 quippeest
1572 4641 1619 4715 ut,
1641 4642 1762 4718 quanto
1783 4633 1875 4699 subli-

268 4741 386 4813 quanto
412 4732 582 4796 sublimius
609 4735 773 4798 sacerdotii
800 4736 951 4815 dignitate
977 4738 1047 4801 aliis
1099 4739 1184 4799 mius
1203 4737 1367 4800 sacerdotii
1387 4736 1539 4817 dignitate
1565 4736 1637 4799 aliis
1664 4737 1875 4820 superemines

268 4837 484 4916 superemines
505 4844 536 4899 ct
556 4858 574 4898 a
596 4837 919 4901 nobisvenerabiliter
939 4838 1047 4921 dilige·
1099 4849 1130 4901 et
1163 4859 1181 4901 a
1219 4838 1312 4902 nobis
1342 4836 1562 4901 venerabiliter
1597 4836 1754 4921 diligeris,
1795 4844 1874 4901 tanto

266 4936 325 5010 ris,
346 4943 432 5000 tanto
454 4940 555 5022 magis
576 4940 614 5001 ad
629 4937 688 5001 Dei
710 4945 914 5021 nostramque
933 4940 1047 5003 volun·
1098 4942 1200 5023 magis
1229 4940 1269 5003 ad
1296 4938 1356 5003 Dei
1382 4946 1587 5022 nostramque
1613 4938 1811 5004 voluntatem
1834 4938 1874 5001 fa·

267 5042 363 5100 tatem
392 5041 626 5122 exsequendam
656 5040 848 5104 devotiorem
891 5052 921 5104 te
952 5052 1046 5125 atque
1098 5042 1241 5107 ciendam
1262 5042 1455 5106 devotiorem
1478 5048 1509 5105 te
1535 5048 1632 5124 atque
1656 5043 1903 5126 promptiorcmu

267 5142 489 5222 promptiorem
511 5141 668 5206 exhibeas.
1098 5144 1255 5208 exhibeas.

368 5239 446 5305 Vale
468 5244 500 5305 in
522 5242 659 5307 Domino
680 5252 711 5308 et
731 5265 784 5308 ora
807 5266 862 5329 pro
885 5244 985 5309 nobis.
1199 5246 1276 5310 Vale
1296 5248 1328 5309 in
1351 5244 1488 5309 Domino
1508 5251 1539 5308 et
1560 5265 1615 5308 ora
1633 5264 1691 5329 pro
1713 5244 1813 5309 nobis.

366 5417 396 5488 pi
415 5419 564 5490 diligenter
573 5420 598 5474 2.
661 5422 690 5492 q)
712 5421 793 5486 Quod
807 5424 865 5477 sil.
927 5422 951 5492 r)
972 5423 1599 5493 sacroconvcntusalubriterconstitutarum,
1611 5420 1870 5494 proviribusobw

265 5513 329 5551 vare
339 5498 499 5569 neglexerit,
512 5508 541 5554 et
549 5501 666 5556 subinde
675 5503 844 5558 ammonitus
853 5522 908 5559 non
919 5522 947 5559 ae
957 5504 1114 5574 correxerit,
1130 5505 1290 5575 quicunque
1300 5504 1325 5558 l.

368 5646 397 5718 4)
421 5647 483 5719 Cfr.
493 5647 561 5719 Cap.
570 5650 675 5703 misam.
685 5651 749 5707 818.
760 5652 828 5729 819,
842 5653 924 5709 all.
987 5654 1018 5723 5)
1040 5654 1257 5728 cyrmprauot.
1269 5655 1293 5711 1.
