4380 6248
267 362 327 426 446
827 362 999 419 ANSEGISI
1021 361 1316 421 CAPITULARIUM

267 544 356 626 ginta
384 543 587 607 denariorum
614 541 823 625 quantitatem
851 540 973 604 solidus
996 539 1124 620 habeat,
1154 558 1250 623 quem
1277 539 1326 603 vel
1347 538 1432 603 Saxo
1460 539 1511 602 rel
1531 538 1632 602 l'risio
1660 538 1720 601 ad·
1739 544 1883 623 partem·

268 643 367 708 Salios
385 643 497 707 Franci
517 662 592 706 oum
614 662 650 707 θο
671 642 828 726 litigantis
849 641 971 706 solvere
992 642 1092 706 debet

371 747 419 811 73.
461 741 511 808 De
529 747 617 808 stata
635 743 780 807 luminis.
822 743 866 808 Ut
885 744 925 808 de
946 749 1029 808 statu
1051 763 1125 822 eno,
1153 742 1184 806 id
1212 750 1260 807 θεῖ
1286 743 1325 806 de
1345 741 1489 807 libertate
1509 741 1559 806 vel
1579 741 1770 822 hereditate,
1798 761 1883 805 eom·

268 848 435 932 pellendus
466 849 558 911 iuxta
583 847 663 930 legis
691 848 950 911 constitutionem
979 846 1169 910 manniatur.
1223 843 1272 910 De
1300 846 1432 909 caeteris
1461 863 1536 909 vcro
1560 844 1665 907 causis
1693 844 1779 908 unde
1809 844 1882 927 quis

268 951 423 1014 rationem
449 955 497 1014 est
524 949 723 1028 mdditurus,
757 951 784 1013 si
811 954 881 1032 post
910 948 1081 1012 secundam
1109 948 1233 1012 comitis
1264 946 1512 1011 admonitionem
1538 946 1655 1030 aliquis
1679 945 1720 1009 ad
1746 945 1909 1009 malluma

269 1053 377 1115 venire
397 1051 549 1129 noluerit,
569 1050 666 1115 rebus
688 1051 758 1114 eius
779 1051 813 1113 in
833 1049 977 1114 bannum
997 1049 1104 1113 missis
1125 1050 1233 1113 venire
1256 1053 1287 1113 et
1307 1049 1461 1113 iustitiam
1479 1047 1582 1112 facere
1601 1046 1807 1130 conpellatur.

371 1154 419 1217 74.
461 1152 511 1215 lle
532 1150 727 1233 proprietate
755 1149 892 1214 bominis
921 1170 1003 1232 quae
1032 1149 1068 1215 ob
1097 1148 1226 1232 aliquod
1258 1151 1376 1214 crim
1403 1148 1440 1212 ia
1471 1149 1614 1213 wauton
1641 1148 1744 1229 fuerit
1775 1148 1882 1210 masec.

270 1253 511 1337 Cuiuscumque
531 1254 669 1318 hominis
688 1254 863 1338 proprietas
883 1253 923 1318 ob
944 1254 1065 1318 crimen
1078 1253 1207 1337 aliquod
1229 1252 1269 1317 ab
1290 1272 1328 1316 eo
1348 1253 1556 1317 commissum
1566 1252 1600 1315 in
1622 1250 1767 1316 bannum
1788 1250 1885 1315 fuerit

270 1357 382 1436 missa,
411 1362 443 1419 et
463 1355 517 1420 isse
544 1357 725 1439 recognita
745 1374 786 1420 nc
807 1356 962 1420 iustitiam
982 1355 1077 1419 iaciat
1097 1356 1207 1419 venire
1232 1354 1390 1419 distulerit
1412 1373 1599 1439 annumque
1627 1373 1664 1418 ac
1684 1353 1770 1418 diem
1791 1354 1826 1417 in
1847 1373 1885 1417 eo

270 1457 376 1521 banno
396 1457 485 1522 illam
507 1477 577 1522 esse
605 1459 796 1541 permiserit,
825 1476 895 1522 eam
924 1457 1058 1521 ulterius
1084 1477 1149 1521 non
1170 1456 1330 1540 adquirat,
1357 1456 1412 1521 sed
1435 1457 1505 1540 ipsa
1531 1455 1607 1520 fisco
1634 1457 1718 1536 rogis
1739 1456 1884 1520 societur.
1896 1474 1922 1514 ιο

269 1557 422 1623 Debitum
443 1579 528 1640 vero,
559 1559 646 1642 quod
674 1561 703 1623 is
724 1561 819 1624 emus
848 1579 885 1624 ea
908 1559 969 1623 fuit
997 1559 1118 1623 solvere
1146 1558 1269 1638 debuit,
1300 1577 1357 1639 per
1384 1560 1531 1623 comitem
1558 1578 1595 1623 ac
1622 1559 1787 1622 ministros
1813 1559 1884 1622 eius

269 1662 362 1724 iuxta
389 1662 621 1725 estimationem
654 1661 764 1725 damni
793 1662 832 1725 de
863 1660 959 1726 rebus
990 1660 1163 1726 mobilibus
1200 1681 1282 1745 quae
1311 1663 1345 1724 in
1378 1661 1488 1725 eadem
1516 1662 1704 1745 proprietate
1734 1661 1886 1725 inventae

269 1763 389 1827 fuerint
413 1762 463 1826 his
484 1762 602 1847 quibus
623 1763 708 1826 idem
730 1763 852 1828 debitor
870 1763 932 1828 fait
952 1763 1142 1828 exsolvatur.
1184 1762 1304 1839 Quodsi
1324 1782 1431 1827 rerum
1443 1762 1610 1826 mobilium
1630 1762 1749 1827 ibidem
1770 1765 1885 1827 inven-

270 1873 375 1930 tarum
398 1867 559 1950 quantitas
579 1866 619 1929 ad
639 1867 900 1950 compositionem
921 1886 986 1930 non
1009 1865 1177 1945 sufficerit,
1203 1866 1242 1929 de
1262 1863 1482 1930 immobilibus
1509 1864 1709 1949 suppleatur,
1739 1872 1771 1929 et
1797 1862 1885 1948 quod

274 1968 478 2052 superbierit,
498 1969 582 2031 sicut
605 1967 725 2031 dictum
747 1974 807 2046 θεῖ,
827 1967 925 2032 fiscus
945 1969 1029 2052 regis
1048 1967 1220 2052 possideat3
1243 1968 1270 2031 si
1292 1967 1373 2030 nibil
1394 1986 1490 2051 super
1498 1967 1761 2051 compositionem
1781 1984 1923 2031 rema-1⁸

273 2088 348 2134 nere
367 2071 520 2154 pourerit,
545 2075 646 2133 totum
673 2071 708 2133 in
736 2069 825 2134 illam
845 2070 1051 2153 expendatur.
1093 2069 1128 2136 Si
1146 2077 1253 2134 autem
1278 2070 1373 2133 homo
1394 2069 1448 2134 ille
1474 2071 1617 2134 nondum
1645 2090 1720 2134 oum
1742 2071 1811 2134 suis
1832 2089 1884 2132 co·

270 2170 439 2236 heredibus
458 2172 622 2255 proprium
644 2191 740 2236 suum
769 2173 909 2238 divisum
935 2171 1060 2254 habuit,
1085 2178 1236 2237 convocet
1263 2191 1317 2237 eos
1343 2192 1450 2237 comes
1477 2179 1609 2237 etcum
1636 2173 1682 2236 eis
1708 2171 1884 2256 legitimam

270 2274 459 2339 divisionem
478 2274 572 2338 faciat
594 2280 625 2338 et
645 2280 739 2354 tuno,
761 2276 843 2340 siout
863 2277 928 2340 iam
949 2275 1070 2338 dictum
1090 2280 1151 2354 θεῖ,
1170 2280 1292 2359 partem
1313 2276 1383 2339 eius
1405 2273 1482 2338 fisco
1503 2275 1586 2358 regis
1607 2272 1721 2350 addat,
1741 2279 1774 2338 et
1794 2292 1881 2337 com·

270 2377 459 2459 positionem
480 2376 519 2440 de
537 2395 575 2440 ea
595 2377 686 2440 iuxta
706 2376 838 2441 modum
858 2378 1005 2461 superius
1016 2377 1270 2460 conprehensum
1292 2376 1341 2441 his
1362 2377 1402 2440 ad
1423 2395 1504 2460 quos
1525 2375 1580 2440 illa
1599 2374 1724 2459 legibus
1744 2376 1881 2460 pertinet

270 2478 422 2542 exsolvat
1897 2494 1924 2534 ao

276 2829 464 2930 Capitale*
486 2833 612 2906 domni
627 2832 764 2906 Karolt'
778 2833 1007 2930 imperatoria
1033 2833 1277 2918 ecclesiastica,
1304 2861 1396 2932 quoe
1422 2833 1502 2907 ideo
1527 2834 1786 2932 suprascriptis
1812 2861 1886 2906 raon

273 2953 447 3026 coeluum?
472 2953 657 3052 copital',
694 2956 779 3053 quio
815 2954 890 3029 altu
925 2982 968 3028 eo:
993 2955 1071 3029 telae
1096 2955 1204 3055 quasi
1231 2981 1341 3028 eattae
1367 2955 1559 3029 memoratae
1582 2955 1720 3052 scripta
1746 2956 1887 3049 faen'nl

274 3087 305 3147 et
331 3102 403 3149 non
430 3076 593 3149 vallentur
612 3076 763 3174 pletum
789 3076 930 3175 opplere
955 3104 1114 3172 semum,
1141 3077 1217 3151 clio
1242 3088 1324 3150 mant
1346 3077 1548 3173 pectinata,
1575 3103 1653 3150 cum
1679 3075 1764 3149 alr'aa
1789 3077 1886 3150 vtile-

324 3196 401 3270 le'cet
426 3198 541 3271 antula
560 3197 747 3296 capitulis,
775 3198 848 3273 olio
869 3200 1013 3297 pertitus
1031 3200 1143 3297 finita
1170 3212 1275 3294 atque
1298 3200 1349 3272 od
1365 3199 1624 3297 perfectionem
1645 3199 1835 3296 perducta.

376 3372 402 3434 1.
442 3367 491 3433 De
511 3369 708 3434 lectionibus
1896 3379 1924 3422 ²⁸

374 3473 402 3536 2.
445 3469 493 3536 De
515 3477 619 3536 cantu

374 3576 403 3638 3.
445 3571 494 3637 De
515 3576 655 3638 notariis.

372 3677 401 3739 4.
443 3673 492 3739 Ι)θ
512 3677 624 3740 ceteris
644 3675 829 3761 disciplinis.

374 3779 403 3840 4.
446 3775 494 3842 De
515 3783 668 3862 compoto.

376 3881 402 3945 b
443 3877 492 3944 Dc
512 3879 696 3945 medicinali
716 3885 790 3944 arte.
1896 3892 1921 3933 eo

376 3981 403 4044 t.
444 3979 492 4046 De
511 3982 652 4046 ecclesiis
673 3984 742 4047 sine
763 3982 882 4048 honore
902 3984 1107 4050 manentibus
1124 3985 1245 4069 absque
1255 3983 1367 4049 officiis
1379 3991 1411 4048 et
1427 3984 1624 4062 luminariis3
1645 3984 1737 4048 etde
1758 3985 1808 4048 his
1829 3985 1883 4068 qui

275 4082 414 4147 decimas
441 4092 576 4149 sumunt
600 4091 632 4148 θῖ
658 4084 696 4148 de
723 4085 865 4149 ecclesiis
890 4105 955 4149 non
975 4094 1101 4166 ourant3
1130 4087 1218 4152 etde
1238 4084 1404 4163 altaribus,
1430 4092 1553 4150 utnon
1579 4085 1741 4170 superflua
1767 4088 1882 4151 sintin

275 4183 424 4250 ecclesiis.

377 4290 404 4353 8.
445 4285 494 4351 De
513 4287 602 4352 laicis
622 4287 746 4353 noviter
766 4290 944 4370 conversis,
965 4310 1021 4371 ne,
1040 4297 1209 4375 antequam
1224 4311 1317 4355 suam
1331 4290 1432 4374 legem
1444 4290 1578 4373 pleniter
1594 4289 1730 4353 vivendo
1753 4290 1884 4368 discant,

277 4390 316 4453 ad
337 4389 399 4452 alia
419 4390 545 4472 negotia
564 4390 739 4453 mittantur.
1895 4400 1920 4444 *ὅ

377 4493 405 4557 9.
446 4489 494 4555 Ι)θ
513 4491 770 4575 relinquentibus
792 4493 952 4574 seculum,
973 4500 1010 4558 ut
1027 4513 1131 4558 unum
1152 4493 1455 4579 eduobuseligant:
1477 4498 1533 4557 aut
1552 4493 1687 4577 pleniter
1706 4495 1883 4558 secundum

277 4595 462 4658 canonicam
481 4600 537 4656 aut
557 4593 734 4658 secundum
754 4595 932 4679 regtdarem
952 4596 1183 4661 institutionem
1204 4598 1311 4661 vivere
1330 4596 1471 4661 debeant

380 4699 425 4762 10.
467 4694 514 4759 De
535 4695 676 4759 ecclesiis
697 4715 755 4760 seu
776 4697 894 4760 sanctis
914 4699 1038 4761 noviter
1066 4699 1205 4762 inventis
1231 4700 1300 4763 sine
1328 4700 1528 4778 auctoritate,
1556 4698 1619 4762 nisi
1645 4699 1793 4782 episcopo
1814 4717 1884 4782 prc-

279 4798 372 4872 bante
393 4797 525 4861 minime
547 4803 752 4861 venerentur:
785 4798 873 4862 salva
894 4800 988 4862 etiam
1016 4799 1055 4863 de
1075 4800 1135 4864 hoc
1161 4807 1193 4865 θῖ
1221 4801 1260 4865 de
1286 4799 1437 4864 omnibus
1461 4801 1602 4865 ecclesiis
1629 4802 1784 4864 canonica
1811 4819 1884 4865 auc·

277 4900 408 4963 toritate.
1896 4913 1921 4953 ⁴⁰

379 5005 424 5066 ll.
466 5000 514 5066 De
534 5002 686 5066 ordinatis
710 5003 865 5087 episcopis
888 5022 946 5068 nec
968 5005 1109 5087 receptis.

383 5105 425 5168 12.
467 5102 559 5179 Quod
580 5123 645 5167 non
666 5111 807 5188 oporteat
827 5105 970 5170 absolute
990 5104 1149 5189 quoslibet
1168 5106 1323 5171 ordinare.

380 5207 425 5270 13.
466 5203 514 5269 De
536 5225 645 5285 servo,
666 5207 694 5270 si
715 5208 874 5271 nesciente
896 5208 1024 5271 domino
1049 5228 1107 5272 suo
1127 5208 1224 5273 fuerit
1243 5208 1417 5273 ordinatus

378 5481 406 5551 a)
427 5483 462 5537 ad
473 5487 673 5556 pmtemeodrl-
683 5485 841 5556 compluas.
922 5483 954 5554 b)
973 5484 1144 5556 Appeadabas
1154 5487 1248 5557 primu
1262 5494 1287 5541 θῖ
1299 5487 1421 5540 amada
1431 5488 1528 5541 muna
1541 5486 1659 5542 iucodd
1673 5486 1884 5557 remeate,

279 5561 578 5715 &warentia
589 5563 678 5632 4159,
691 5563 852 5636 Ouoble,
868 5565 987 5619 Berroia
996 5564 1063 5620 olim
1071 5567 1203 5637 Lotaraa's‘,⁸
1217 5565 1373 5638 Soboffbua.
1384 5568 1446 5622 cod.
1461 5567 1594 5623 wardia
1604 5575 1708 5622 mam
1719 5586 1782 5640 opp.
1791 5583 1884 5623 m
1896 5569 1926 5615 ὕ
