4380 6248
271 370 326 434 104
784 370 928 425 Rauola
950 368 1074 425 MAGNI
1096 369 1364 427 carmennum

161 600 181 627 ς,
197 589 231 626 aa,
366 556 415 618 39.
459 552 501 616 Ut
526 572 638 615 omnes
666 557 798 614 caveant
822 551 1013 634 periurium,
1039 570 1104 613 non
1130 550 1235 613 solum
1262 551 1295 613 in
1325 558 1434 613 sancto
1460 550 1627 635 euangelio
1648 550 1699 615 rel
1726 551 1761 615 in
1786 550 1885 615 altare

268 676 325 721 seu
347 657 379 718 in
402 660 584 718 sanctorum
606 653 749 736 reliquiis
771 653 825 716 sed
847 660 877 716 et
888 654 921 715 in
936 653 1098 716 communi
1109 652 1243 736 loquela.
1286 652 1327 716 Et
1346 658 1383 716 ut
1404 654 1460 736 qui
1480 654 1644 718 insanotis
1664 652 1886 731 babetiurare
1939 680 1943 687 ·

268 760 327 821 hoo
348 759 476 822 ieiunus
497 756 592 819 faciat
611 775 686 819 eum
713 756 800 819 omni
829 755 992 818 honestate
1021 760 1052 818 et
1072 755 1184 819 timore
1204 754 1271 818 Dei.
1312 754 1353 818 Et
1379 755 1435 838 qui
1461 753 1559 819 semel
1580 756 1763 839 periuratus
1780 754 1886 833 fuerit,

268 879 326 923 nec
347 860 435 923 testis
457 860 498 921 sit
518 863 588 942 post
608 858 702 936 hacc,
723 877 781 921 nec
802 858 835 919 in
857 877 917 920 sua
937 876 1033 920 causa
1054 875 1111 920 nec
1132 858 1166 920 in
1186 857 1316 921 alterius
1336 858 1457 921 iurator
1476 858 1600 921 existat.

163 990 184 1018 e.
199 979 234 1019 aa.
368 962 417 1026 49.
461 959 504 1023 Ut
524 979 617 1023 namo
639 960 680 1023 sit.
700 961 757 1042 qui
778 959 892 1022 ariolos
914 960 1090 1022 sciscitetur
1109 958 1159 1021 rel
1182 960 1307 1022 somnia
1326 957 1472 1023 observet
1491 958 1541 1023 rel
1561 959 1601 1023 ad
1622 960 1759 1043 auguria
1781 960 1885 1025 inten-
1917 980 1931 1017 a

268 1064 336 1127 dat:
365 1083 425 1126 nec
451 1064 514 1126 sint
542 1061 676 1125 malefici
704 1080 763 1125 noc
791 1063 1002 1124 incantatores
1029 1079 1088 1124 nec
1114 1061 1276 1145 phitones,
1296 1060 1513 1125 cauculatores
1535 1079 1594 1125 neo
1618 1062 1813 1146 tempestarii
1835 1062 1886 1127 vel

272 1165 477 1247 obligatores3
498 1169 529 1228 et
552 1164 736 1246 ubicunque
758 1167 849 1241 sunt,
870 1162 1081 1226 emendentur
1100 1162 1151 1226 vel
1174 1163 1373 1226 damnentur.

162 1305 176 1332 a
199 1294 233 1332 aa.
371 1268 419 1331 41.
461 1266 505 1330 Ut
519 1265 753 1330 observationes
769 1285 849 1348 quas
869 1263 955 1328 stulti
972 1264 1093 1327 faciunt
1106 1265 1145 1327 ad
1159 1263 1288 1328 arbores
1309 1265 1359 1328 vel
1375 1270 1479 1349 petras
1494 1263 1681 1345 vellonam,
1697 1264 1886 1350 ubicunque

269 1371 495 1447 inveniamur,
517 1368 667 1430 tollantur
686 1373 717 1430 et
738 1367 950 1449 destruantur.
1039 1382 1041 1387 ·
1065 1390 1069 1402 ·

161 1513 182 1538 a.
197 1498 232 1536 91.
369 1473 417 1535 42.
463 1470 504 1533 Ut
524 1469 693 1532 homicidia
713 1469 796 1532 infra
817 1470 950 1552 patriam
977 1488 1035 1532 neo
1061 1489 1158 1532 causa
1180 1468 1310 1533 ultionis
1337 1487 1395 1533 neo
1414 1470 1563 1534 avaritiae
1590 1488 1649 1534 nec
1674 1468 1885 1563 latrocinandi
1906 1490 1933 1528 ιο

226 1633 229 1637 ,
270 1593 332 1636 999
354 1574 485 1649 19919119
508 1578 538 1636 91
559 1591 622 1635 999
645 1572 806 1635 occidatur
826 1571 936 1649 honio,
958 1571 1020 1634 nisi
1041 1570 1109 1653 lego
1129 1569 1267 1634 iubente.

164 1716 184 1743 a.
199 1704 231 1741 aa.
368 1678 415 1741 43.
459 1674 502 1737 Ut
522 1675 606 1737 furta
627 1680 657 1737 et
677 1674 797 1736 iniusta
817 1672 977 1736 connubia
997 1677 1028 1735 et
1050 1672 1186 1735 inlicitae
1209 1691 1324 1736 causae
1343 1672 1577 1755 prohibeantur.

164 1813 184 1840 a.
201 1801 234 1839 a.
370 1779 417 1841 44.
459 1776 503 1839 111
523 1776 672 1858 aequales
693 1794 860 1839 mensuras
887 1780 918 1838 et
936 1780 1037 1838 rectas
1060 1779 1090 1837 et
1110 1774 1253 1857 pondera
1279 1776 1364 1838 iusta
1390 1781 1421 1838 et
1441 1776 1587 1859 aequalia
1607 1794 1720 1841 omues
1740 1776 1885 1841 habeant.

270 1878 312 1943 Et
332 1881 388 1961 qui
409 1885 501 1942 antea
522 1877 608 1941 dedit
628 1883 691 1941 tres
709 1878 844 1956 modios,
866 1877 959 1940 modo
980 1877 1033 1941 det
1053 1877 1162 1940 du0s³.

163 2014 183 2040 a.
200 2003 233 2040 ro.
332 1996 334 2000 ’
368 1983 416 2046 45.
459 1980 501 2043 Ut
521 1999 696 2063 mangones
715 1984 746 2042 ct
767 1981 912 2043 cociones
932 1986 964 2042 et
982 1979 1061 2043 nudi
1076 1980 1221 2042 homines
1243 1981 1298 2063 qui
1317 1999 1391 2043 cum
1409 1980 1492 2044 ferro
1512 1979 1636 2043 vadunt
1653 1999 1718 2044 non
1737 1982 1887 2045 sinantur
1905 2000 1932 2039 1⁵

271 2085 376 2168 vagari
398 2093 429 2147 et
450 2083 649 2165 deceptiones
671 2081 854 2144 hominibus
875 2100 975 2164 agere.

367 2189 416 2251 46.
459 2185 501 2248 Ut
528 2203 622 2267 opera
646 2182 773 2246 servilia
805 2183 917 2247 diebus
948 2183 1115 2247 dominicis
1149 2202 1214 2246 non
1248 2190 1389 2267 agantur.
1450 2183 1492 2247 Et
1524 2190 1559 2248 ut
1584 2184 1652 2249 dies
1679 2185 1837 2249 dominica
1865 2206 1885 2249 a

269 2308 400 2372 vespera
419 2287 457 2350 ad
481 2304 642 2369 vesperam
664 2284 846 2348 celebretur.

367 2392 415 2454 41.
458 2388 500 2452 111
520 2407 631 2450 onmes
651 2386 836 2451 fidelitatem
858 2389 1041 2470 promittant
1062 2387 1179 2450 domno
1199 2389 1387 2471 imperatori.

368 2617 416 2680 43.
461 2613 503 2677 111
523 2615 654 2677 comites
675 2622 705 2676 et
726 2613 847 2675 iudices
868 2612 1078 2675 corrfiteantur
1098 2631 1162 2694 qua
1179 2611 1248 2695 lege
1268 2613 1375 2677 vivore
1390 2612 1525 2677 debeant
1542 2616 1764 2680 etsecundum
1782 2617 1887 2701 ipsam
1905 2648 1931 2683 ιο

270 2718 417 2781 iudicent

162 2862 184 2887 a.
201 2852 234 2889 10.
370 2820 417 2882 49.
461 2817 501 2880 Ut
525 2816 676 2880 beneficia
698 2817 806 2879 domni
828 2818 1026 2899 imperatoris
1047 2822 1078 2879 et
1098 2817 1305 2882 ecclesiarum
1326 2819 1581 2899 considerentur,
1610 2839 1650 2883 ne
1670 2819 1750 2884 forte
1770 2820 1887 2905 aliquis

272 2921 393 2985 alodem
415 2940 510 2984 suum
533 2927 713 2983 restaurans
735 2918 887 2983 beneficia
909 2918 1056 2981 destruat
1747 2940 1750 2945 ·

163 3064 184 3091 a.
201 3052 233 3089 ιι.
371 3025 419 3087 99.
465 3021 506 3084 Ut
525 3020 677 3084 beneficia
698 3022 862 3084 Sarranum
885 3022 916 3083 iu
939 3021 1072 3084 Francia
1093 3022 1337 3086 considerentur
1357 3023 1492 3106 qualiter
1511 3024 1690 3088 condirecta
1711 3025 1784 3088 sint.

165 3164 184 3190 0.
203 3152 235 3189 a.
370 3126 419 3189 51.
464 3122 506 3186 Ut
527 3122 616 3186 liberi
637 3124 782 3187 homines
805 3143 957 3207 pauperes
979 3123 1106 3186 anullo
1128 3125 1247 3188 iniuste
1269 3126 1493 3209 opprimantur.
1902 3154 1929 3195 as

165 3262 185 3288 a.
203 3248 234 3287 1³.
371 3227 419 3292 52.
462 3224 504 3288 111
525 3245 635 3289 omnes
656 3228 754 3309 parati
780 3228 844 3289 siut
868 3227 1124 3309 quandocunque
1148 3227 1260 3289 domni
1282 3228 1478 3311 imperatoris
1498 3229 1598 3292 iussio
1619 3228 1749 3293 venerit

166 3348 235 3386 au.
370 3327 613 3393 931111111εεί
640 3329 678 3390 ad
707 3328 861 3392 domnum
888 3330 1109 3411 imperatorem
1139 3330 1303 3392 venientes
1330 3335 1361 3393 ct
1388 3329 1428 3392 ab
1457 3349 1493 3393 eo
1522 3329 1631 3393 directi
1660 3330 1887 3396 honorabiliter

270 3432 490 3513 suscipiantur.

162 3570 183 3596 a.
202 3559 233 3595 9.
369 3533 418 3597 'ol
460 3531 503 3595 Ut
524 3534 545 3593 ii
568 3533 624 3611 qui
646 3534 676 3594 iu
708 3532 928 3596 mundeburde
952 3532 1060 3594 domni
1091 3533 1290 3614 imperatoris
1318 3539 1394 3596 sunt
1413 3552 1522 3616 paoem
1551 3540 1582 3597 ot
1609 3532 1827 3599 defensionem
1844 3533 1884 3598 ab

270 3635 419 3698 omnibus
439 3634 581 3697 habeant.
1902 3668 1930 3707 ,a

164 3788 184 3815 0,
203 3777 234 3814 u.
254 3718 261 3729 ⁹
370 3739 420 3803 bo
463 3737 506 3800 Ut
525 3738 707 3819 inquiratur
728 3738 754 3800 si
776 3736 892 3819 aliquis
915 3737 1009 3799 homo
1021 3738 1317 3819 propteriustitiam
1332 3737 1440 3800 domni
1454 3738 1650 3820 imperatoris
1664 3737 1886 3801 annuntiando

272 3841 395 3904 occisus
416 3841 457 3903 sit
478 3839 526 3902 vel
548 3840 666 3922 aliquid
689 3840 762 3902 mali
784 3860 898 3923 passus
919 3840 967 3902 sit.

164 3977 185 4004 a.
202 3965 235 4003 9.
371 3944 419 4007 oti.
466 3941 506 4004 Ut
527 3943 548 4004 ii
570 3943 625 4024 qui
647 3961 703 4024 per
722 3941 912 4005 beneficium
935 3941 1043 4003 donuu
1064 3942 1265 4024 imperatoris
1285 3941 1511 4004 ecclesiasticas
1527 3959 1577 4004 res
1592 3940 1709 4004 habent
1729 3940 1884 4005 decimam

270 4051 300 4107 et
321 4064 436 4107 nonam
459 4043 533 4105 dure
555 4054 585 4106 et
607 4043 809 4106 ecclesiarum
832 4044 1093 4106 restaurationem
1113 4043 1215 4106 facere
1236 4043 1391 4106 studeant.

163 4178 183 4206 c.
200 4169 232 4205 rs.
369 4146 417 4211 57.
460 4145 503 4208 Ut
523 4145 649 4208 bannus
671 4165 765 4227 queru
788 4166 843 4228 per
864 4147 1068 4228 semetipsum
1091 4145 1210 4208 domus
1232 4146 1401 4229 imperator
1416 4144 1562 4208 bannivit
1583 4146 1747 4229 sexaginta
1767 4146 1886 4211 solidos
1902 4176 1930 4217 a

272 4248 420 4311 solvatur.
464 4246 583 4310 Caeteri
608 4267 680 4311 veru
704 4248 799 4310 oanni
821 4268 901 4331 quos
922 4248 1052 4310 comites
1073 4253 1104 4311 ot
1127 4247 1246 4310 iudices
1267 4247 1389 4311 19911191
1409 4247 1585 4311 secundum
1606 4246 1708 4331 legem
1729 4249 1885 4313 uniuscu—

269 4352 385 4433 iusque
403 4356 640 4433 componantur.

164 4491 183 4517 a.
202 4478 245 4518 aa.
370 4455 419 4518 93.
463 4451 505 4515 Ut
528 4470 638 4514 omues
661 4451 760 4514 bonos
781 4459 812 4515 ct
833 4452 962 4515 idoneos
982 4452 1197 4515 vicedominos
1218 4459 1249 4515 et
1270 4453 1437 4517 aarlvucatos
1458 4452 1594 4517 habeant
1614 4459 1646 4517 et
1665 4453 1797 4519 iudices.

165 4598 185 4625 a.
203 4590 235 4625 n,
372 4557 421 4619 119.
465 4553 508 4616 L't
529 4554 616 4616 missi
640 4554 756 4625 nostri,
780 4555 993 4637 urulecunquo
1013 4573 1141 4618 necesso
1161 4555 1276 4634 199111,
1297 4562 1361 4617 tani
1383 4554 1422 4618 do
1442 4556 1571 4618 iustitiis
1591 4555 1795 4619 ecclesiarum
1814 4554 1884 4635 Dei,

276 4656 460 4734 viduarum,
480 4655 706 4738 orphanorum,
727 4655 919 4738 pupillorum
941 4663 972 4719 et
989 4663 1184 4720 caeterorum
1206 4657 1373 4720 hominum
1394 4658 1558 4739 inquirant
1577 4664 1609 4722 et
1628 4658 1800 4742 perficiant.
1842 4656 1883 4721 Et
1899 4685 1927 4723 91

274 4758 487 4840 quodcunque
508 4758 546 4819 ad
568 4757 801 4820 emendandum
823 4759 1020 4839 invenerint,
1049 4759 1217 4822 emendare
1247 4759 1394 4822 studeant
1420 4761 1454 4822 in
1476 4765 1633 4843 quantum
1655 4759 1771 4825 melius
1792 4767 1883 4844 potu-

272 4861 367 4937 erint3
390 4865 420 4922 ct
441 4859 525 4941 qu‹·›d
548 4879 602 4941 per
624 4880 657 4922 se
678 4860 844 4923 emendare
865 4861 1080 4943 nequiverint,
1102 4862 1133 4922 in
1156 4863 1363 4944 praesentiam
1386 4866 1528 4924 nostram
1549 4861 1665 4926 adduci
1684 4860 1809 4928 faciant,

372 5086 401 5151 3)
426 5087 486 5152 Cfr.
498 5088 579 5157 aqut.
593 5087 838 5157 F1·uacorwj.794,
850 5088 912 5143 cl:
928 5089 1035 5145 modius
1047 5089 1177 5160 publicus
1192 5097 1219 5145 ct
1233 5090 1341 5146 noviter
1353 5097 1479 5145 statutus.
