4418 6226
278 380 342 445 wi
942 379 1168 439 HLUDOWICI
1193 381 1248 436 PII

279 557 505 622 »armatur
526 556 586 621 sed
597 580 660 642 pro
678 558 814 642 patuino
834 556 1010 620 bobardum
1030 569 1085 621 eet.
1128 555 1234 621 Oodeoe
1254 557 1360 620 Paris.
1373 558 1469 638 4632,
1490 558 1582 620 merus
1601 557 1724 622 aurulae
1747 558 1904 623 Per-ttius

279 660 357 724 laiac
377 659 521 746 capitula
541 683 576 723 ee
596 660 810 745 reuoqaovisse
828 658 920 740 dreit,
942 661 1015 744 epea
1033 682 1096 722 aon
1117 658 1247 723 muta.

382 763 421 826 Ia
441 761 603 825 codicibus
623 760 838 845 compluribus
858 761 1036 845 capitulare
1055 760 1207 846 capitrdis
1226 759 1403 841 nonnullae,
1433 784 1490 825 seu
1511 761 1552 825 ab
1572 763 1662 826 raalio
1681 785 1738 826 seu
1764 764 1802 826 ia
1824 763 1901 848 ipeo

279 863 381 928 uedeo
402 888 458 928 seu
478 864 538 927 sub
548 864 620 945 fiae
640 862 778 942 additia,
806 875 933 926 aarum
959 864 1125 926 taoeaitur.
1173 863 1227 926 Ita
1255 861 1377 926 codeces
1406 864 1537 928 10—13
1564 875 1724 948 tamquam
1747 866 1896 949 pniaum

277 968 488 1051 prrrmaitturrt
506 965 580 1028 laec:
1924 992 1940 1032 o

432 1066 486 1131 Do
507 1069 634 1131 serris
656 1068 699 1131 ad
721 1087 856 1131 sacros
879 1067 1035 1132 ordines
1056 1088 1131 1131 non
1151 1068 1366 1131 mittendis.
1409 1067 1574 1131 Utnullus
1591 1068 1810 1153 episcoporum
1826 1088 1897 1133 ser·

385 1190 439 1233 ros
458 1171 497 1233 ad
519 1190 624 1232 sacros
644 1170 771 1233 ordines
798 1189 982 1253 promovere
1003 1177 1196 1253 pmesumat,
1220 1172 1281 1234 nisi
1309 1172 1398 1253 prius
1425 1190 1445 1231 a
1474 1169 1612 1233 dominis
1642 1172 1776 1254 propriis
1796 1170 1896 1235 liber·

382 1280 479 1335 tatem
498 1274 657 1335 consecuti
677 1271 802 1335 irroriut.
854 1272 885 1335 Si
907 1292 981 1335 vero
1001 1273 1149 1355 deinceps
1171 1270 1303 1355 quilibet
1325 1290 1436 1335 servus
1460 1270 1624 1334 dominum
1650 1292 1746 1335 suum
1764 1272 1898 1356 fugiens

383 1382 438 1436 airt
459 1373 586 1436 latitans
605 1381 661 1437 arrt
682 1373 830 1437 adhibitis
850 1374 983 1438 testibus
1003 1393 1135 1438 munere
1153 1372 1319 1437 conductis
1339 1373 1388 1438 vel
1402 1375 1558 1456 corruptis
1578 1382 1633 1437 aut
1645 1373 1786 1457 qualibet
1805 1375 1896 1438 calli-

383 1477 478 1539 ditate
497 1476 546 1538 rel
573 1475 1139 1558 frorrdeadg1a‹tase‹=‹·lesiastioos
1166 1478 1359 1559 pervenerit,
1386 1476 1562 1559 deponatur
1589 1484 1619 1540 et
1645 1476 1794 1540 dominus
1821 1480 1939 1541 elusio

382 1597 454 1640 enm
479 1580 614 1661 recipiat.

383 1679 448 1744 Sed
467 1680 522 1743 lroc
543 1679 715 1765 capitulien
733 1705 817 1764 pars
829 1694 877 1744 eet
887 1683 1004 1766 eapitis
1014 1683 1099 1745 sexti
1116 1681 1306 1767 eaptbtlan'e
1318 1681 1525 1744 eccleet’uetici
1539 1705 1641 1766 supra
1660 1692 1706 1766 (p.
1718 1681 1792 1753 276)
1815 1681 1902 1746 editi

282 1795 327 1863 et,
349 1808 419 1845 (aar
438 1808 458 1844 a
473 1783 627 1867 pluriaris
647 1782 808 1845 codicibus
829 1784 929 1864 absit,
951 1783 998 1845 ad
1016 1783 1092 1847 laec
1111 1783 1252 1868 crrpr'tula
1269 1808 1329 1867 per
1348 1808 1381 1846 ee
1393 1782 1561 1846 stra'heada
1579 1806 1642 1846 noa
1658 1784 1816 1867 perlabere
1835 1783 1900 1847 sed

281 1910 302 1946 a
323 1885 454 1948 librarii>
475 1884 608 1969 pallara
633 1884 813 1968 errppletura
835 1909 902 1949 esse
923 1885 1053 1948 radetur.

386 1986 515 2051 Calices
535 1986 628 2050 iirlem
652 1990 686 2051 11
709 2024 714 2029 ·
734 1988 770 2051 13
793 1987 970 2071 capitulari
985 1989 1173 2050 subnatant
1191 1986 1334 2072 capitula
1355 1989 1417 2050 trra
1431 1987 1519 2070 iufra
1536 2010 1597 2072 pro
1620 1990 1697 2072 Cap.
1715 1991 1772 2054 too
1792 1988 1892 2052 edita.
1912 2007 1942 2048 1⁵

282 2090 373 2153 llaec
394 2102 497 2153 ‹tirtera
520 2114 541 2152 a
561 2090 739 2174 capitulari
754 2114 813 2174 per
838 2114 872 2152 se
899 2089 1063 2152 errr'lreadr
1090 2113 1157 2152 esee
1176 2089 1384 2169 secaueada,
1407 2112 1468 2152 aare
1489 2089 1590 2153 solum
1607 2089 1820 2174 plurimorum
1842 2113 1895 2153 co·

282 2191 387 2254 <dinan
408 2192 581 2254 auctoritas
599 2191 658 2255 sed
672 2191 709 2253 id
726 2215 845 2276 quoque
860 2192 997 2276 probare
1016 2191 1153 2272 uidetur,
1174 2191 1258 2276 parad
1272 2205 1368 2276 caput
1383 2193 1524 2276 prrirrura
1544 2191 1604 2255 ‘De
1616 2194 1739 2276 sponsis
1758 2192 1894 2256 alienis’

285 2295 471 2378 tisseriptura
498 2296 688 2356 corbariam
712 2294 962 2358 actitaturus·
991 2293 1181 2378 capitulares
1207 2294 1327 2379 leqrbus
1353 2293 1498 2357 adelardi
1522 2296 1626 2378 (rapiti
1648 2317 1742 2375 aono,
1772 2296 1806 2357 ia
1834 2318 1897 2380 quo

284 2419 402 2480 sponsa
412 2408 507 2480 rapta
521 2409 619 2480 patr
625 2398 641 2458 i
647 2409 703 2459 (rut
724 2396 748 2459 d
752 2421 768 2458 e
769 2397 929 2478 feasorr'
946 2395 1043 2458 reddi
1059 2397 1197 2477 luteae,
1218 2422 1287 2458 (atra
1301 2408 1408 2459 coram
1422 2397 1454 2458 ia
1466 2395 1521 2458 lroc
1530 2398 1634 2480 prriao
1654 2419 1799 2481 sponso
1819 2399 1897 2481 epea

284 2497 383 2560 reddi
397 2510 565 2561 statuatur.
1910 2518 1943 2557 ro

386 2602 423 2662 la
452 2600 557 2663 codice
576 2606 612 2667 lt)
639 2602 744 2684 capita
771 2602 912 2684 prr'arum
940 2615 969 2663 et
1001 2600 1173 2663 securulura
1200 2600 1290 2663 alredo
1319 2614 1554 2663 camerariorum
1577 2599 1755 2685 capitulari
1772 2624 1835 2684 per
1860 2626 1897 2665 se

282 2702 445 2764 ardrado
466 2704 536 2766 r'tcur
557 2704 792 2787 subrirapuatur
813 2715 843 2765 et
861 2702 974 2766 decade
996 2704 1029 2765 ia
1050 2726 1084 2765 eo
1105 2715 1278 2787 sequuntur
1298 2702 1393 2766 lraec:

434 2803 485 2867 lle
506 2805 649 2868 ancilla
672 2825 737 2888 per
758 2814 904 2868 cartam
926 2806 1030 2868 laeta
1051 2805 1190 2868 libera.
1233 2805 1266 2868 Si
1293 2805 1406 2867 ancille
1436 2805 1531 2868 libera
1557 2805 1687 2868 dimissa
1713 2805 1809 2868 fuerit
1837 2825 1897 2889 per

384 2913 500 2969 cartam
522 2913 640 2989 etpost
662 2907 717 2969 bec
739 2927 830 2969 seruo
860 2907 907 2971 vel
935 2908 1046 2970 colono
1068 2909 1226 2989 nupserit,
1253 2909 1319 2990 ipse
1341 2907 1489 2970 dontinus
1517 2909 1571 2990 qui
1600 2908 1687 2990 prius
1710 2907 1894 2991 possederat

384 3008 486 3071 taliter
507 3008 703 3091 deturpatam
727 3011 863 3092 recipiat.
1631 3060 1634 3067 .
1908 3029 1940 3069 es

434 3108 488 3172 De
509 3111 669 3173 colonis.
711 3109 758 3173 lle
777 3111 897 3173 colonis
917 3111 965 3173 rel
987 3111 1087 3174 servis
1099 3112 1267 3175 aecclesiae
1287 3112 1421 3194 qualiter
1433 3111 1632 3174 serviantvel
1646 3111 1751 3194 qualia
1771 3110 1895 3175 tributa

384 3211 529 3275 reddant:
559 3213 617 3275 lroc
637 3221 684 3275 est
704 3214 861 3295 agrarium
886 3213 1063 3275 secundum
1092 3215 1322 3276 estimationem
1345 3214 1468 3277 iudicis.
1517 3213 1682 3277 Presideat
1702 3214 1761 3276 hoo
1781 3213 1894 3295 iudex,

384 3314 560 3377 seeundum
584 3314 668 3396 quod
691 3314 784 3377 babet
810 3315 921 3377 donet:
950 3315 987 3378 de
1014 3316 1127 3378 modiis
1147 3314 1249 3378 XXX
1272 3316 1393 3379 modios
1415 3315 1463 3379 ΙΙΙ
1491 3316 1600 3395 donet,
1628 3321 1659 3379 et
1686 3316 1891 3400 pascuarium

383 3416 483 3479 solvat
505 3416 682 3480 secundum
704 3437 797 3479 nsum
820 3418 1003 3499 provintiae.
1046 3419 1208 3500 Ancingas
1228 3417 1401 3500 legitimam,
1423 3418 1481 3480 hoc
1501 3428 1548 3481 est
1569 3419 1719 3501 perticam
1740 3416 1771 3479 X
1793 3417 1892 3500 pedes

383 3518 548 3581 habentem
577 3528 713 3601 quatuor·
738 3520 770 3581 iu
800 3527 978 3582 transverso
1012 3530 1043 3582 et
1070 3517 1130 3581 XL
1155 3520 1188 3581 in
1218 3520 1365 3602 longum,
1400 3538 1501 3599 amre,
1536 3521 1704 3598 seminare,
1734 3518 1939 3597 clauderem

382 3620 527 3702 colligere
548 3628 578 3683 et
600 3620 721 3684 trabere
742 3627 773 3683 et
793 3620 969 3685 recondere.
1020 3621 1112 3684 Pia-to
1134 3640 1304 3704 arpennem
1323 3621 1339 3683 l
1360 3621 1519 3700 claudere,
1545 3640 1663 3700 secare,
1691 3620 1836 3703 colligere
1858 3632 1892 3685 et

383 3723 511 3784 trahere.
553 3723 603 3784 Ad
626 3725 807 3785 tremissum
831 3724 1054 3806 unusquisque
1075 3723 1178 3785 accola
1197 3723 1235 3785 ad
1256 3724 1337 3786 drms
1357 3724 1480 3786 modios
1500 3725 1631 3786 sationis
1652 3722 1838 3806 excolligere
1858 3732 1891 3787 et

383 3824 550 3887 recomlere
577 3823 700 3887 debent.
759 3823 799 3887 111
826 3826 933 3888 vincas
961 3825 1116 3907 plantare,
1151 3825 1294 3895 cludere,
1323 3826 1443 3904 fodere,
1472 3827 1694 3909 propaginare,
1720 3825 1890 3909 precidere,

383 3927 584 3988 vindemiare.
640 3925 784 3988 Reddaut
812 3927 968 4009 siquidem
997 3925 1030 3988 X
1056 3927 1242 3989 fasciculum
1273 3927 1311 3989 de
1339 3928 1402 3990 lino
1432 3929 1514 4007 (Les
1537 3927 1636 3990 Baria.
1665 3930 1725 3990 ita:
1754 3927 1890 3991 reddant

382 4029 465 4089 tusce
487 4026 525 4088 de
547 4027 624 4095 lino,
645 4027 684 4089 de
704 4027 817 4110 apibus
832 4027 863 4090 X
887 4029 986 4105 virsa),
1006 4029 1110 4111 pullos
1130 4028 1176 4090 il*
1199 4028 1355 4092 vestudos
1396 4029 1590 4092 lar-varems
1614 4030 1732 4093 donent
1752 4037 1806 4092 aut
1826 4031 1889 4112 ipsi
1902 4049 1937 4090 ss

383 4129 499 4191 variant
526 4127 580 4191 ubi
608 4130 653 4192 eis
681 4130 860 4193 iniunctum
887 4130 988 4193 fuerit.
1043 4132 1200 4214 ,lugarias
1225 4150 1298 4193 cunr
1330 4151 1421 4194 carro
1446 4132 1562 4194 faciant
1588 4151 1690 4214 usque
1718 4131 1743 4194 L
1767 4132 1889 4217 leugas,

382 4231 519 4314 amplius
540 4251 603 4293 non
627 4233 772 4294 minetur.
821 4231 871 4294 Ad
892 4252 981 4295 caseis
1005 4233 1179 4295 dominicas
1200 4232 1339 4296 stabilire
1357 4234 1466 4301 fenile.
1498 4236 1658 4318 granicam
1680 4235 1730 4297 vel
1751 4234 1888 4298 tonilum

382 4333 477 4418 (tepet
503 4334 666 4399 turrinunrl
694 4334 907 4415 recuperando
935 4334 1095 4417 pedituras
1128 4335 1329 4399 rationabiles
1358 4337 1512 4421 accipiant.
1544 4347 1575 4400 et
1603 4337 1730 4419 quando
1757 4355 1889 4401 necesse

379 4436 474 4499 fuerit
494 4437 624 4498 omnino
646 4444 843 4518 eompommt.

380 4537 445 4600 sat
471 4537 527 4599 loc
552 4537 724 4599 scoriadam
751 4550 848 4621 eaput
879 4538 926 4601 ud
956 4540 1079 4602 ceilam
1106 4539 1279 4603 demittimur
1321 4555 1367 4605 est
1393 4567 1409 4605 e
1435 4542 1498 4627 lupe
1524 4544 1756 4605 Buritanorum
1783 4543 1829 4604 tit.
1856 4543 1886 4623 I,
1898 4565 1933 4604 eo

277 4666 347 4726 cup.
372 4644 409 4705 13
429 4641 543 4724 (Iquee
562 4640 627 4720 ΙΙΙ,
643 4664 720 4724 paq.
736 4641 826 4720 218),
855 4652 884 4702 et
901 4653 998 4724 caput
1012 4644 1153 4725 prr'arura
1175 4646 1327 4706 correeutit
1352 4669 1421 4706 <ura
1448 4644 1478 4706 T
1474 4645 1625 4708 morlonis
1646 4644 1765 4708 decreti
1782 4645 1887 4727 capite

280 4749 317 4808 12
336 4745 449 4828 (Lepre
467 4743 533 4823 ΙΙΙ,
549 4767 626 4828 paq.
639 4745 708 4807 loti.
730 4743 785 4805 liu.
805 4746 855 4807 111
883 4756 912 4807 et
935 4769 1005 4806 <ura
1027 4743 1090 4829 lepe
1112 4745 1360 4810 xllruraaaoruar
1385 4748 1431 4808 tit.
1445 4749 1481 4812 18
1502 4749 1616 4832 (Leqes
1628 4748 1694 4827 Ill,
1710 4771 1787 4832 paq.
1802 4749 1886 4819 136.)

280 4848 395 4931 Capita
415 4847 492 4909 lroec
512 4870 533 4907 a
556 4844 740 4908 Hladorcici
765 4845 941 4930 orrpitrdari
959 4858 1065 4909 erasae
1092 4849 1216 4910 oraru'ao
1244 4848 1350 4912 calcata
1379 4873 1446 4911 esee
1472 4849 1653 4912 rrullateaus
1674 4847 1886 4911 dubitandum

277 4972 344 5011 (ΜΘ
364 4972 479 5011 (wasco.

380 5049 485 5114 Cortex
506 5050 638 5135 aleasque
656 5052 676 5115 9
694 5049 929 5130 (Passim)
949 5052 1028 5115 r‘rtter
1050 5050 1232 5114 Hlarlrrrorer‘
1248 5051 1437 5137 capitulares
1458 5054 1563 5115 raostri
1578 5054 1685 5136 capita
1705 5055 1726 5116 i)
1747 5065 1777 5115 et
1796 5053 1815 5115 6
1837 5052 1885 5113 ia-
1897 5076 1931 5116 ro

276 5153 377 5215 errarit
397 5154 504 5236 cupita
526 5151 603 5232 diro,
633 5176 762 5237 thruar
786 5176 881 5215 uuum
903 5152 1090 5216 illudowici
1105 5155 1273 5216 meseonem
1294 5153 1482 5239 arpr'tularis
1501 5157 1659 5238 semrartis
1679 5156 1795 5239 capitis
1814 5177 1880 5238 sep·

275 5256 349 5317 timi
367 5252 538 5337 plerrrbrenr
566 5255 702 5336 for-ruam
726 5255 873 5338 praebet,
907 5253 1039 5317 alterurn
1074 5257 1226 5319 consentit
1252 5268 1399 5319 accierate
1424 5280 1493 5318 carra
1523 5255 1661 5320 eiusdem
1692 5255 1885 5340 capitationis

276 5357 382 5440 rapite
404 5355 522 5419 declino
543 5369 663 5440 quarto.
704 5356 827 5419 Delicta
844 5355 985 5440 pleniori
994 5355 1103 5439 somna
1115 5357 1205 5420 laud
1222 5360 1374 5422 iinmerito
1387 5357 1532 5421 dubitari
1542 5371 1661 5443 potest,
1683 5383 1726 5421 aa
1744 5359 1884 5442 pararito

272 5460 318 5520 sit
338 5470 368 5520 et
387 5459 420 5520 ia
440 5458 618 5542 capitulari
632 5457 841 5521 ecclesiastico
864 5457 1004 5537 (0138)
1024 5461 1127 5542 cupite
1153 5458 1270 5522 deam
1294 5472 1405 5544 quarto
1433 5472 1590 5545 tamquarm
1617 5460 1807 5545 capitularis
1822 5483 1884 5543 per

275 5583 309 5622 se
327 5559 492 5622 scribauli
502 5584 584 5644 pars
601 5572 774 5644 qrectetur3
794 5561 851 5623 cui
867 5561 1005 5624 reisaae
1022 5562 1214 5624 caucanam
1232 5560 1370 5642 vellatur,
1391 5561 1475 5646 quod
1494 5565 1575 5627 atter
1594 5562 1696 5625 decem
1719 5574 1748 5625 et
1767 5574 1881 5646 septem
1896 5584 1928 5624 so

274 5660 397 5725 ‹orlrires
420 5685 504 5726 irrites
529 5674 648 5725 arnam
676 5662 758 5725 bauo
779 5662 953 5747 panieron
968 5662 1107 5746 ferream
1124 5663 1270 5747 wachel,
1301 5674 1330 5725 et
1350 5676 1517 5748 praeterea
1545 5663 1630 5748 qaod
1657 5665 1690 5726 ia
1710 5661 1887 5747 crrprtrdari
