4380 6248
720 394 982 452 CAPITULARIA
1004 396 1286 452 atenowtsulca
1773 394 1811 459 13

204 575 329 637 saeculo
357 594 521 659 superesse
548 576 697 658 voluerit,
727 577 823 640 fidem
852 583 883 640 et
908 577 1068 640 cantatam
1095 596 1208 659 puram
1230 583 1260 640 et
1289 578 1460 660 simplicem
1487 576 1546 641 sibi
1574 577 1708 641 debeant
1736 597 1810 640 oon-

204 696 335 740 servare.
389 676 552 757 Similiter,
586 680 662 761 quia
694 679 832 742 domnus
864 678 1124 743 Guutchramuus
1154 681 1243 742 iuxta
1271 680 1446 760 pactionem
1474 699 1570 761 quarn
1599 698 1673 742 cum
1708 679 1808 742 bonae

205 776 374 838 memoriae
403 775 519 839 domno
546 775 733 858 Syghiberto
761 778 873 840 inierat
901 779 1055 858 integram
1081 777 1257 860 portionem
1283 795 1365 859 quae
1387 776 1426 840 de
1447 792 1544 860 regno
1564 776 1736 840 Clrariberti
1757 776 1810 840 ille

204 875 304 940 iuerat
323 884 514 941 consecutus
534 876 593 940 sibi
615 878 730 943 diceret
750 880 784 941 in
808 880 968 963 integrum
989 878 1159 956 redhiberi,
1181 886 1212 942 ct
1232 898 1305 962 pars
1327 878 1435 942 domni
1460 877 1648 942 childeberti
1668 897 1704 941 ea
1727 897 1810 961 quae

171 987 290 1061 apater
313 997 392 1041 suras
412 978 594 1061 possederat
615 978 654 1042 ad
676 999 709 1043 se
731 979 823 1044 vellet
844 999 885 1043 ex
906 980 1055 1044 omuibus
1076 999 1238 1060 revocare,
1266 980 1297 1042 id
1325 982 1406 1043 inter
1433 999 1487 1042 eos
1505 987 1627 1043 constat
1647 979 1712 1043 fixa
1733 980 1808 1042 deli-

203 1079 363 1143 beratione
388 1079 530 1160 linitum,
560 1085 596 1143 ut
621 1080 707 1143 illam
730 1083 852 1145 tertiam
873 1083 1049 1166 portionem
1070 1082 1108 1144 de
1128 1081 1271 1145 Parisius
1293 1083 1449 1144 civitatem
1474 1101 1547 1144 cum
1569 1081 1757 1145 terminibus
1779 1089 1810 1146 et

202 1181 317 1264 populo
344 1201 403 1245 suo
429 1202 511 1265 quae
539 1182 577 1245 ad
606 1183 760 1247 domnum
781 1183 973 1268 Sigibertum
994 1183 1033 1246 de
1053 1202 1149 1267 regno
1172 1182 1345 1247 chariberti
1372 1184 1550 1266 conscripta
1576 1185 1719 1266 pactione
1738 1203 1807 1267 per·

202 1293 331 1348 venerat
350 1302 425 1347 cum
446 1283 581 1347 castellis
602 1281 718 1348 Dun02
746 1284 797 1348 vel
817 1283 1018 1347 Vindocino³
1046 1290 1077 1346 et
1104 1284 1254 1366 quicquid
1281 1284 1319 1346 de
1343 1304 1423 1368 pago
1444 1284 1643 1368 Stampinse⁴
1664 1285 1713 1349 vel
1735 1284 1809 1349 Car·

204 1385 332 1448 uotiuo⁵
355 1387 387 1448 in
409 1387 515 1468 pervio
537 1385 590 1448 illo
612 1385 768 1449 antefatus
788 1406 844 1449 rex
865 1405 940 1449 eum
964 1384 1152 1448 terminibus
1173 1390 1204 1447 et
1226 1386 1341 1468 populo
1363 1407 1421 1450 suo
1442 1393 1621 1471 perceperat
1643 1389 1673 1449 in
1691 1389 1759 1450 iure
1778 1394 1809 1451 et

158 1510 184 1549 ro
204 1487 417 1550 dominatione
434 1487 543 1550 domni
558 1486 799 1567 Guntcbramni,
824 1507 897 1551 oum
919 1487 950 1549 id
966 1487 1051 1570 quod
1072 1488 1239 1570 superstite
1260 1487 1375 1550 domno
1393 1488 1548 1571 Sigiberto
1563 1489 1601 1552 de
1617 1509 1714 1572 regno
1730 1490 1809 1553 Oba·

205 1587 310 1651 riberti
337 1596 430 1652 antea
460 1590 562 1653 tenuit
589 1587 722 1652 debeant
741 1589 966 1672 perpetualiter
988 1606 1181 1671 permanere.
1223 1588 1298 1652 Pari
1320 1590 1498 1654 conditione
1517 1593 1658 1655 civitates
1678 1590 1810 1656 Meldis‘i

203 1698 234 1752 et
253 1691 333 1756 duas
354 1692 512 1774 portiones
527 1691 566 1754 do
582 1690 769 1755 Silvanectis
781 1693 801 1770 ⁷,
821 1690 984 1770 lineum,
1004 1689 1181 1772 Pictavosss,
1200 1689 1426 1772 Abrincatasl,
1446 1691 1525 1755 Vico
1547 1693 1619 1756 Iulii
1630 1695 1667 1768 ¹⁰,
1688 1693 1808 1758 Conso-

204 1793 360 1863 rannisll,
385 1791 568 1875 Lapurdo¹²
597 1799 629 1855 et
656 1792 769 1875 Albiga
778 1793 805 1837 ¹³
834 1793 971 1855 domnas
994 1791 1211 1855 Childebertus
1233 1811 1290 1855 rex
1310 1813 1383 1856 cuna
1405 1794 1593 1857 tenuiaibus
1613 1816 1631 1859 a
1653 1798 1809 1878 pmesenti

204 1893 254 1957 die
281 1912 357 1957 suae
385 1894 523 1957 vindicet
549 1895 701 1978 potestati.
744 1893 791 1957 Ea
811 1895 909 1976 igitur
931 1892 1110 1957 conditione
1131 1899 1268 1972 servata,
1295 1902 1332 1957 ut
1352 1913 1445 1976 (luem
1465 1893 1552 1960 Deus
1573 1897 1612 1960 de
1633 1899 1709 1981 ipsis
1729 1901 1810 1981 regi·
1865 1906 1869 1914 '

159 2018 186 2056 u
205 1996 265 2059 bus
285 1998 486 2080 superstitem
507 2015 576 2060 esse
596 1997 785 2079 preciperet⁸
813 2015 945 2079 mgnum
979 1994 1066 2058 illius
1093 1997 1147 2078 qui
1175 1994 1295 2078 absque
1326 1995 1399 2059 tiliis
1428 1998 1466 2060 de
1494 2001 1667 2081 praesentis
1693 2001 1809 2064 saeculi

204 2099 275 2162 lare
295 2100 478 2182 migraverit
500 2099 538 2161 ad
561 2117 595 2161 se
615 2098 801 2180 integritatis
822 2099 891 2160 inre
910 2105 1059 2180 perpetuo
1082 2096 1193 2160 debeat
1213 2117 1359 2161 revocure
1375 2105 1406 2161 et
1424 2102 1555 2182 posteris
1569 2103 1652 2179 suis,
1673 2100 1810 2165 Domino

203 2201 390 2279 arrrxiliante,
419 2201 606 2283 relinquere.
655 2199 738 2262 Illud
769 2199 943 2282 specialiter
969 2198 1087 2281 placuit
1107 2218 1163 2281 per
1183 2201 1288 2261 omnia
1310 2200 1532 2265 iuviolabiliter
1551 2206 1745 2283 conservari,
1774 2211 1810 2268 ut

204 2303 355 2385 quicquid
377 2303 513 2366 domnus
528 2301 786 2366 Guutcbramuus
808 2321 864 2364 rex
885 2300 968 2364 tiliae
989 2320 1065 2364 suae
1095 2301 1354 2364 Chlodeebildaeb
1375 2303 1508 2366 contulit
1535 2313 1589 2367 aut
1618 2305 1720 2368 adbuc
1742 2304 1810 2369 Deo

204 2404 393 2468 auxiliante⁰
420 2404 588 2467 contulerit
608 2405 641 2466 iu
665 2403 813 2466 omnibus
841 2402 937 2466 rebus
967 2407 1063 2484 atque
1081 2402 1279 2486 corporibus,
1309 2411 1372 2466 tam
1392 2406 1532 2468 civitates
1554 2427 1649 2489 apuam
1671 2410 1737 2490 agri
1759 2409 1808 2473 vel

158 2530 186 2566 ευ
204 2506 311 2585 rediti,
340 2508 373 2568 in
405 2508 474 2569 iure
501 2512 533 2568 et
553 2506 766 2569 dominatione
786 2506 887 2588 ipsius
908 2504 1019 2568 debeat
1039 2523 1238 2588 persumere,
1268 2512 1299 2568 et
1328 2508 1354 2568 si
1382 2508 1457 2589 quid
1485 2509 1523 2572 de
1544 2511 1627 2592 agris
1647 2510 1810 2575 fiscalibus

205 2608 253 2671 vel
276 2606 440 2690 speciebus
463 2614 558 2690 atque
579 2607 733 2691 praesidio
753 2627 808 2690 pro
830 2605 950 2669 arbitrii
974 2607 1024 2669 sui
1045 2606 1206 2670 voluntate
1225 2607 1325 2671 faeere
1347 2620 1402 2670 aut
1422 2612 1571 2694 cuiquam
1593 2612 1733 2676 conferre
1755 2633 1809 2675 vo-

204 2709 312 2787 luerit,
339 2710 372 2772 iu
403 2715 553 2792 perpetuo
580 2708 753 2772 auxiliante
774 2706 911 2771 Domino
943 2714 1160 2789 conservetur,
1179 2728 1284 2791 neque
1305 2729 1324 2772 a
1344 2727 1547 2792 quocumque
1567 2710 1631 2773 ullo
1655 2730 1808 2794 umquam

205 2824 343 2896 tempore
363 2811 573 2891 (famulatur,
594 2820 624 2875 et
645 2810 705 2875 sub
728 2812 861 2874 tiritione
882 2831 918 2873 ac
938 2810 1119 2885 defensione
1139 2810 1246 2873 domni
1267 2809 1470 2885 Clrildeberti,
1495 2831 1569 2874 cum
1591 2812 1640 2875 nis
1661 2813 1810 2877 omnibus

203 2934 285 2997 quae
305 2916 407 2997 ipsam
429 2915 581 2977 transitus
598 2914 749 2997 genitoris
781 2913 831 2975 sui
862 2913 1019 2975 invenerit
1047 2911 1259 2994 possidentem
1280 2912 1340 2975 sub
1360 2914 1447 2975 omni
1469 2914 1586 2977 bonore
1608 2922 1638 2978 et
1658 2915 1810 2998 dignitato

158 3039 185 3080 aa
203 3035 314 3079 secura
339 3015 450 3079 debeat
478 3015 644 3098 possidere.
691 3014 764 3077 Pari
789 3014 970 3077 conditione
998 3014 1186 3096 repromittit
1217 3013 1354 3077 domnus
1382 3015 1642 3078 Guntcbramnus
1664 3035 1733 3097 rea,
1765 3027 1809 3097 ut,

203 3120 285 3181 sicut
303 3117 395 3181 habet
415 3118 555 3181 bumana
572 3116 733 3199 fragilitas,
757 3114 844 3199 quod
865 3116 975 3179 divina
992 3117 1091 3198 pietas
1112 3135 1177 3178 nou
1198 3117 1356 3199 pemaittat
1378 3136 1435 3179 uec
1456 3117 1508 3180 ille
1521 3117 1627 3180 videre
1644 3118 1807 3200 desiderat,

203 3222 229 3283 si
250 3221 445 3303 contingeret
458 3220 611 3283 domnum
626 3217 860 3282 Childebertum
883 3236 919 3281 eo
939 3219 1105 3300 superstite
1128 3218 1166 3281 de
1188 3218 1246 3280 lrac
1268 3218 1338 3281 luce
1360 3219 1503 3300 migrare,
1524 3218 1605 3281 lilios
1621 3238 1696 3281 suos
1709 3218 1806 3282 'lireo-

203 3322 368 3385 rlobertum
389 3329 420 3385 et
439 3320 666 3384 'lireodoricum
687 3340 789 3403 reges,
814 3319 864 3383 vel
890 3321 916 3382 si
946 3320 1068 3382 adhuc‘l
1088 3321 1148 3402 ipsi
1171 3318 1260 3383 Deus
1283 3321 1357 3384 (lare
1382 3321 1533 3400 voluerit,
1563 3332 1597 3385 ut
1623 3323 1695 3404 pius
1720 3331 1808 3405 pater·

203 3423 262 3488 sub
283 3444 342 3487 sua
362 3424 495 3487 tuitione
514 3430 545 3486 et
566 3423 746 3487 defensione
765 3423 908 3504 recipiat,
937 3423 980 3484 ita
1001 3427 1037 3484 ut
1057 3441 1191 3505 regnum
1212 3424 1310 3505 patris
1331 3442 1439 3485 eorum
1463 3423 1523 3486 sub
1544 3424 1628 3486 omni
1653 3423 1808 3488 soliditate

158 3552 185 3590 so
203 3526 403 3608 possedeant,
432 3535 462 3589 et
481 3526 671 3607 genetricem
692 3524 800 3587 domni
821 3522 1010 3587 Childeberti
1032 3523 1181 3586 domnam
1202 3523 1441 3587 Bruniolrildem
1461 3527 1601 3607 reginam
1630 3526 1680 3588 vel
1706 3526 1803 3589 liliam

202 3629 271 3691 eius
290 3627 551 3691 Chlodosindam⁰
577 3645 759 3709 gennanam
789 3625 896 3687 domni
919 3624 1107 3688 Childeberti
1129 3627 1228 3709 regis,
1250 3626 1401 3708 quamdiu
1423 3627 1505 3689 intra
1525 3627 1685 3708 regionem
1707 3626 1803 3690 qu-

201 3749 311 3793 corum
333 3729 448 3807 fuerat,
476 3728 526 3792 rel
548 3730 616 3791 eius
636 3729 745 3808 regina
763 3726 960 3807 Faileubam,
988 3733 1140 3810 tanquam
1162 3746 1299 3791 sororem
1322 3727 1437 3791 bonam
1459 3737 1490 3792 et
1510 3728 1591 3792 filias
1614 3730 1646 3791 iu
1669 3750 1727 3793 sua
1745 3733 1806 3792 tui-

201 3834 286 3896 tione
314 3840 345 3895 et
369 3831 550 3895 defensione
577 3829 706 3914 spiritali
729 3829 893 3892 dilectione
914 3830 1059 3912 recipiat,
1088 3838 1119 3892 et
1146 3828 1206 3892 sub
1236 3831 1321 3892 omui
1351 3830 1468 3893 lionore
1497 3842 1528 3893 ot
1553 3830 1702 3913 dignitato
1731 3852 1804 3894 cum

201 3932 350 3997 omnibus
371 3932 466 3997 rebus
487 3952 611 4012 earum,
638 3951 711 3995 cum
733 3931 928 4011 civitatibus,
950 3932 1046 4014 agris,
1068 3929 1221 4000 reditibus
1245 3931 1292 3994 vel
1313 3934 1435 3995 curans
1457 3933 1556 3995 titulis
1577 3942 1608 3995 et
1629 3952 1722 3995 omuc
1739 3953 1806 4011 ear-

157 4062 184 4108 s
200 4036 285 4119 poris
305 4035 547 4113 facultatatem
569 4034 653 4117 quod
673 4033 829 4116 praesenti
847 4033 995 4095 videntur
1016 4041 1154 4116 tempore
1174 4032 1345 4116 possidere,
1372 4053 1466 4116 qutun
1488 4035 1573 4117 quod
1594 4034 1696 4097 adbuc
1717 4033 1805 4097 Olui-

202 4145 249 4201 sto
270 4136 413 4221 praesule
440 4138 523 4200 iuste
548 4136 707 4219 potuerint
731 4142 950 4217 augmentare,
977 4134 1037 4197 sub
1065 4136 1152 4197 omui
1170 4136 1337 4198 securitate
1357 4144 1387 4198 et
1408 4135 1513 4217 quieto
1534 4137 1731 4218 possedeant,
1760 4148 1805 4215 ut,

202 4241 228 4302 si
251 4240 327 4322 quid
351 4239 390 4302 de
410 4240 493 4322 agris
513 4236 673 4301 fiscalibus
693 4237 743 4300 vel
765 4234 930 4319 speciebus
949 4246 1043 4320 atque
1064 4237 1219 4318 praesidio
1241 4256 1296 4319 pro
1318 4235 1438 4299 arbitrii
1459 4238 1508 4299 sui
1526 4237 1685 4301 voluntate
1700 4238 1803 4302 facere

202 4350 257 4404 aut
276 4342 468 4424 cuicumque
488 4339 628 4403 conferre
651 4339 821 4418 volueriut,
849 4338 913 4401 lixa
941 4337 1108 4401 stabilitate
1133 4339 1166 4400 iu
1195 4346 1345 4420 perpetuo
1367 4345 1586 4416 conservetur,
1615 4359 1673 4402 nea
1694 4361 1712 4401 a
1734 4342 1804 4423 ‹prri-

203 4442 401 4525 buscumque
436 4442 589 4505 solantes
617 4441 742 4504 illarum
771 4440 834 4504 ullo
862 4446 1000 4525 tempore
1026 4439 1227 4502 convellatur.
1277 4438 1324 4502 Dc
1355 4439 1535 4503 civitatibus
1562 4461 1650 4534 vero,
1671 4442 1729 4505 lroc
1757 4449 1804 4506 est

157 4566 183 4603 ra
201 4544 392 4628 Burdegala,
418 4542 617 4621 lemovicas,
646 4541 823 4622 Cadurcus,
849 4542 995 4606 Benamo
1017 4551 1047 4605 et
1069 4540 1236 4623 Begora14,
1265 4561 1347 4623 quae
1369 4541 1599 4606 Gallesoiudaru
1620 4562 1803 4625 germanam

202 4646 335 4710 domnae
355 4646 569 4710 Bruuiclrildis
588 4654 651 4708 tam
673 4647 707 4707 in
729 4645 800 4708 dote
823 4664 920 4728 quam
942 4647 974 4706 in
1000 4642 1235 4727 morganegiba,
1261 4643 1319 4705 hoc
1340 4656 1386 4707 est
1408 4644 1592 4708 matutinale
1615 4646 1749 4726 donum,
1771 4648 1804 4709 iu

202 4748 365 4812 Franciam
392 4749 568 4811 venientem
590 4755 711 4810 certum
736 4753 784 4810 est
812 4747 1005 4829 adquisisse,
1039 4766 1118 4828 qum
1149 4746 1242 4807 etiam
1281 4765 1337 4827 per
1365 4746 1515 4808 imlicium
1541 4746 1667 4829 gloriosi
1696 4747 1804 4811 domui

300 5042 330 5085 al
350 5030 506 5100 permiserit
526 5031 583 5083 celii.
666 5029 697 5087 bt
719 5030 886 5083 chlothielrle
908 5029 965 5081 alii.
1047 5031 1075 5089 cl
1096 5029 1263 5099 propitiante.
1284 5028 1342 5081 eslii.
1409 5027 1440 5089 dl
1460 5030 1529 5084 alios
1550 5032 1617 5082 add.
1639 5032 1720 5083 corbi.
1741 5050 1806 5082 riori·

202 5111 277 5164 „aaut
360 5114 388 5169 el
410 5111 634 5164 chlodesuiudam
657 5110 714 5162 aut.

156 5392 184 5431 as
301 5377 333 5435 2)
356 5377 543 5431 cameratas.
624 5377 656 5439 3)
686 5376 823 5430 t'aautla.
905 5376 937 5437 t)
958 5377 1095 5447 Etmanes.
1180 5377 1211 5441 ὃ)
1235 5378 1370 5430 Clarrtres.
1446 5378 1477 5433 bt
1499 5376 1611 5429 altaria.
1688 5375 1719 5435 t)
1741 5376 1805 5428 Sen-

163 5478 169 5487 ‘
201 5475 242 5527 bb.
311 5472 343 5539 8)
368 5475 462 5541 Tmarii,
482 5475 605 5526 Poitiers.
675 5473 706 5539 ill
727 5474 892 5527 aar-amsa.
956 5475 1006 5533 10)
1027 5476 1094 5527 Aire
1113 5492 1145 5528 aa
1168 5475 1317 5545 Gaacopne.
1383 5476 1432 5533 lll
1456 5475 1612 5527 annueram.
1676 5473 1727 5535 12)
1749 5475 1805 5524 Bu·

199 5588 293 5639 poaae.
376 5571 426 5640 13)
447 5572 526 5640 atita.
611 5570 661 5631 ill
682 5573 845 5638 Boedauur,
865 5573 1003 5640 Limopea,
1026 5570 1143 5640 Calore,
1164 5575 1272 5638 Blera,
1301 5574 1414 5640 Tartes;
1439 5574 1488 5624 aed
1508 5570 1633 5623 raorrrrallr'
1652 5572 1733 5623 corbi.
1751 5588 1805 5640 pro

200 5667 307 5741 aegon
328 5668 417 5738 aqua
436 5668 543 5741 negiu
566 5669 714 5738 (amare).
