4380 6248
268 393 329 458 383
902 396 1074 454 ANSEGISI
1096 397 1259 453 ABBATIS

270 575 329 640 881
349 571 463 652 scripto
482 576 511 635 et
532 572 680 653 inscripta
701 572 803 648 ‘Quae
822 574 938 656 exequi
960 573 1093 638 debebat
1103 573 1286 659 episcopus'
1307 572 1492 651 (Hinenrari
1504 595 1574 656 opp.
1585 574 1632 638 ed.
1644 573 1739 639 Siren.
1754 573 1802 652 II,
1815 573 1888 660 uu)

269 675 308 738 de
327 672 476 755 capitulis
498 672 562 737 illis
580 674 656 737 lace
675 677 788 757 relect:
818 673 975 759 ‘Denique
995 676 1059 739 duo
1079 676 1216 760 capitula
1237 696 1319 761 quoe
1340 684 1520 760 sequuntur
1540 697 1580 741 ex
1602 678 1704 742 edicto
1724 690 1888 762 assumpta

271 785 347 841 sunt
368 777 407 840 ab
427 778 585 860 Ansegiso
615 777 741 857 abbate,
768 778 979 861 capitulorum
1008 779 1208 862 imperalium
1234 800 1274 843 ex
1305 780 1438 843 diversis
1461 779 1592 860 synodis
1620 786 1651 844 et
1679 779 1805 864 placitis
1825 780 1888 843 ool-

269 880 399 953 lectore3
420 898 517 943 causa
537 877 699 942 brevitatis
719 881 752 942 in
775 881 877 964 pn'mo
898 878 979 943 libro
1000 880 1210 964 capitulorum
1224 879 1388 944 Lxxvn.
1409 890 1440 944 et
1455 879 1638 944 LXXVIII.
1661 881 1700 944 dc
1722 901 1786 945 non
1808 880 1888 945 divi·

270 981 384 1045 dendis
404 981 500 1044 rebus
521 981 740 1046 ecclesiasticis
761 988 792 1045 et
813 983 1031 1066 episcoporum
1053 983 1204 1047 electione
1222 1002 1260 1047 ex
1283 985 1505 1066 suprascriptis
1524 990 1672 1067 excerpta
1690 985 1725 1046 in
1748 983 1887 1067 pmetato
1912 1003 1926 1041 s

269 1084 350 1147 libro
371 1085 588 1147 inveniuntur.
631 1083 723 1159 Quod
745 1084 883 1148 edictum
912 1103 952 1148 ex
981 1086 1102 1168 integro
1132 1086 1269 1149 domnus
1289 1085 1428 1149 Karolus
1454 1105 1591 1168 magnus
1612 1086 1785 1169 imperator
1813 1104 1887 1149 cum

269 1187 515 1269 interrogatione
549 1186 587 1248 de
616 1186 847 1270 chorepiscopis
880 1206 936 1269 per
967 1187 1127 1250 Arnonem
1159 1188 1429 1272 archiepiscopum
1454 1189 1649 1267 aun-821)
1681 1188 1722 1250 ad
1747 1186 1886 1251 Leonem

269 1308 383 1371 papam
403 1286 494 1367 (iude
513 1306 534 1348 a
555 1287 656 1353 dieti
676 1307 716 1348 rn.
739 1284 1003 1371 Decerubris'ltlb)
1025 1289 1141 1353 direxit
1167 1291 1257 1353 etad
1286 1291 1355 1353 eius
1377 1291 1559 1354 consultum
1580 1288 1666 1353 uliud
1687 1289 1829 1353 edictum
1849 1289 1888 1351 de

271 1410 335 1454 non
359 1390 536 1453 dividendis
558 1389 654 1453 rebus
676 1389 894 1454 ecclesiasticis
915 1397 947 1455 et
975 1391 1013 1455 de
1033 1394 1250 1476 episcoporum
1277 1394 1383 1456 causis
1408 1393 1505 1456 edidit
1533 1401 1564 1456 et
1592 1390 1887 1475 apostolicaesedis

271 1499 367 1574 atque
388 1494 572 1555 stratoriute
591 1511 651 1555 sua
672 1492 871 1555 confirmarit
892 1499 922 1555 et
941 1512 998 1576 per
1019 1513 1129 1558 omnes
1151 1495 1407 1578 metropolitanas
1433 1495 1581 1558 ecclesias
1600 1493 1724 1577 imperii
1746 1494 1798 1555 sui
1819 1512 1886 1576 per-
1900 1514 1923 1550 u

270 1601 365 1678 petuo
386 1594 673 1657 servandadirexit.
717 1593 887 1657 Memoratn
909 1595 1017 1678 itnque
1038 1593 1175 1678 capitula
1196 1594 1240 1657 ita
1254 1592 1433 1656 sehabent.'
1475 1587 1885 1671 Iamsequunturoapitubr

269 1695 333 1758 duo
356 1693 515 1774 Auscul,
536 1696 680 1775 itate,
705 1700 779 1775 post
806 1716 888 1776 quae
912 1694 1109 1759 Hinernarus
1131 1695 1254 1776 percit:
1284 1696 1339 1759 ‘Et
1371 1697 1403 1758 in
1430 1695 1540 1758 eodem
1568 1694 1670 1757 edicto
1697 1693 1785 1757 unde
1811 1693 1887 1755 haec

268 1798 400 1861 fuerunt
420 1798 595 1882 adsumpta
616 1799 824 1883 subsequitur
843 1800 1085 1883 “Praecipimus
1104 1801 1199 1863 etiam
1220 1799 1369 1862 omnibus
1391 1798 1502 1860 ditioni
1525 1803 1650 1860 nostrae
1668 1795 1831 1871 subiectis,
1852 1806 1887 1856 nt

268 1900 380 1963 nullus
400 1901 564 1984 privilegia
584 1901 798 1979 ecclesiarum,
819 1903 1083 1966 monasteriorum
1105 1908 1160 1965 aut
1180 1901 1328 1964 ecclesias
1347 1900 1482 1983 diripere
1500 1905 1668 1982 pertentet,
1689 1899 1784 1981 quio,
1805 1898 1886 1961 sicot

271 2023 290 2064 e
311 2003 427 2066 senens
449 2002 593 2085 patribus
611 2004 759 2067 instructi
778 2024 900 2083 sumne,
920 2005 1147 2086 gravissimum
1168 2010 1332 2087 moratum
1345 2003 1405 2065 hoc
1424 2021 1493 2065 esse
1505 1998 1707 2064 dinoscitur”
1730 2006 1762 2063 et
1783 2008 1886 2063 cetere
1899 2025 1922 2063 a
1962 2036 1998 2076 ,ἶ

272 2124 354 2187 quse
381 2103 578 2187 sequuntur!
631 2103 718 2166 Aliis
744 2104 837 2166 atiani
864 2103 1034 2167 Hlnonrari
1058 2124 1183 2185 operum
1216 2104 1289 2167 locis
1317 2101 1492 2183 capitulum
1520 2101 1600 2165 Ans.
1618 2100 1697 2176 nti
1724 2104 1884 2180 tamthn

271 2204 389 2268 Karoli
407 2205 525 2286 Mapni
545 2204 708 2283 beudatnr,
730 2210 759 2270 et
777 2206 874 2269 eidem
895 2206 994 2287 capiti
1014 2207 1048 2269 in
1070 2206 1192 2268 duobus
1210 2203 1360 2284 Anseyisi
1379 2203 1535 2267 codicibus
1554 2203 1590 2266 in
1609 2201 1755 2282 maraine
1776 2200 1885 2264 addita

269 2311 315 2371 est
334 2311 409 2371 nata
428 2307 520 2370 laec:
549 2308 716 2392 ‘Tempore
736 2310 870 2372 Adriani
896 2330 994 2393 papae
1022 2318 1053 2373 et
1076 2309 1185 2373 Karoli
1208 2310 1315 2391 magni
1336 2307 1550 2391 imperatoris,
1578 2305 1707 2388 quando
1729 2303 1886 2367 Paulinus

270 2411 437 2494 episcopus
456 2412 559 2474 tenuit
583 2412 669 2475 vices
698 2411 886 2494 apostolicae
917 2412 1000 2475 sedis
1030 2415 1064 2474 in
1085 2413 1190 2495 Aquis
1210 2412 1270 2474 fnit
1300 2411 1417 2473 tactum
1443 2409 1530 2472 istud
1558 2407 1734 2490 capitulum
1763 2412 1888 2489 propter

268 2512 328 2575 hoc
350 2513 426 2595 quia
444 2511 516 2575 laici
537 2512 682 2576 homines
704 2512 852 2576 volebant
872 2513 1013 2577 dividere
1032 2515 1189 2597 episcopie
1211 2520 1241 2577 et
1255 2513 1446 2576 monasteria
1465 2511 1503 2573 ad
1523 2510 1651 2573 illorum
1669 2528 1751 2592 opus
1771 2518 1803 2571 et
1824 2526 1884 2570 aon
1897 2538 1998 2581 ,ῃ

268 2615 475 2678 remansisset
497 2614 552 2677 ulli
574 2616 720 2699 episcopo
742 2634 800 2678 nec
821 2614 926 2678 abbati
949 2635 1007 2678 nec
1018 2615 1196 2679 abbatissae
1210 2616 1274 2678 nisi
1285 2619 1409 2677 tanturn
1426 2621 1460 2676 ut
1479 2617 1529 2687 tut
1542 2611 1632 2675 velut
1652 2630 1691 2672 eu
1709 2613 1886 2673 medum

267 2716 304 2778 in
323 2735 388 2778 uno
406 2715 521 2795 codice)
542 2718 685 2780 canonici
709 2724 741 2781 et
761 2710 906 2780 monachi
919 2717 1080 2781 viverent)
1122 2714 1335 2778 Haecscilicet
1348 2718 1421 2777 nom
1436 2711 1585 2794 prandulo
1603 2710 1769 2775 recentiori
1787 2730 1887 2773 rnanu

269 2816 383 2880 addita
403 2817 501 2881 estin
519 2817 663 2897 maraine
688 2817 751 2882 cod.
778 2837 856 2879 saec.
881 2816 922 2879 X.
949 2816 1023 2880 Par.
1040 2821 1145 2885 tous.
1167 2838 1243 2898 pap.
1264 2820 1334 2895 163,
1360 2816 1513 2879 eteoclem
1532 2834 1598 2895 quo
1616 2812 1757 2893 capitum
1786 2814 1888 2876 textus

267 2918 405 2999 scriptus
424 2923 468 2981 est
488 2919 523 2981 in
544 2919 645 2982 adue
663 2919 736 2982 ileon
756 2918 875 2982 saeculi
896 2919 1007 2983 decimi
1026 2919 1080 2982 scd
1098 2919 1261 2983 recentiori
1280 2922 1318 2981 ut
1335 2918 1467 2993 uidetur,
1492 2914 1596 2979 Paris.
1607 2918 1736 2982 46286

369 3018 443 3082 Hac
462 3020 602 3083 codiarnc
621 3024 696 3084 notri
718 3024 746 3084 et
766 3022 933 3085 antedictis
943 3021 1113 3084 Hincncari
1133 3021 1233 3085 verbis
1249 3021 1364 3083 (temtos
1377 3018 1539 3083 Balcuius
1558 3020 1630 3100 (etr.
1643 3015 1720 3080 Bal.
1733 3016 1829 3098 capit.
1842 3015 1928 3091 Has

272 3122 377 3204 1058),
403 3120 520 3186 Karoli
539 3123 698 3203 quoddam
725 3123 901 3203 capitulare
929 3146 967 3187 ac·
985 3124 1135 3204 Arescpisi
1161 3128 1189 3187 et
1210 3122 1375 3187 Benedicti
1401 3121 1479 3185 libro
1504 3120 1658 3200 confinxit
1682 3124 1764 3183 unito
1782 3119 1888 3200 primo

267 3243 341 3304 paq.
352 3225 526 3290 ets-384
547 3224 673 3287 editum.
719 3223 781 3288 Pro
795 3224 894 3288 licius
904 3226 1094 3306 capitularis
1109 3226 1259 3306 partibile
1270 3223 1588 3304 constetuitdnseoisi
1598 3221 1727 3303 camel,
1746 3223 1785 3287 tt
1798 3223 1887 3291 et'id,

269 3324 382 3388 deiude
394 3324 475 3389 lteri.
487 3326 560 3389 Leu
575 3326 621 3402 ΙΙ,
637 3330 707 3408 teo,
728 3327 821 3389 arius
841 3327 1178 3417 initiunuHincmarus
1199 3333 1361 3408 tamqucnn
1376 3326 1469 3389 edicti
1483 3329 1609 3406 partem
1630 3322 1757 3404 alienat
1778 3326 1886 3405 postea

268 3447 306 3490 ea
335 3426 500 3490 Benedicti
526 3429 654 3492 levitae
681 3429 823 3509 aspritudo
849 3430 931 3510 (III,
944 3428 1176 3512 tendutur)
1201 3450 1283 3510 quae
1307 3430 1345 3492 de
1371 3427 1594 3509 chorepiscopis
1619 3431 1738 3508 ayunt,
1767 3424 1886 3489 addens

262 3533 418 3610 postrono
443 3530 617 3610 capitulum
636 3531 717 3594 lieu.
739 3532 811 3595 lm.
828 3532 906 3609 I,3t'i
933 3532 986 3595 cui
1012 3533 1078 3595 ‘Ex
1104 3533 1250 3616 capitulis
1278 3533 1387 3596 domni
1408 3531 1534 3595 Kuroli'
1562 3529 1651 3609 apud
1677 3528 1914 3592 Bessodiciuntn

268 3631 456 3712 inscriptum
478 3636 528 3695 est.
571 3631 638 3696 Hoc
657 3634 791 3698 calistum
811 3634 933 3698 Karoia
952 3635 1105 3698 tributum
1126 3633 1289 3699 Bulueius
1309 3633 1479 3714 adscripsit
1499 3632 1616 3713 synoda
1629 3629 1886 3713 Aquisoranensi

268 3753 354 3797 anna
368 3737 429 3801 863
448 3733 580 3811 babilae,
602 3737 747 3816 quarrceis
768 3756 853 3799 arlico
872 3736 925 3799 illc
945 3757 1046 3817 neqire
1065 3737 1237 3799 Adrianus
1259 3738 1293 3816 (t
1313 3739 1361 3802 25.
1381 3733 1493 3799 Deebr.
1515 3737 1587 3807 tent
1608 3754 1709 3815 nuuc
1725 3731 1887 3797 Paulinus

263 3835 453 3916 patriarcba
474 3839 508 3917 (ψ
528 3837 721 3902 ll.1anuor.
743 3842 813 3916 sin)
834 3841 969 3901 struent
992 3840 1024 3901 iu
1039 3844 1114 3902 uota
1135 3838 1191 3902 illa
1209 3838 1378 3902 altalueio
1397 3842 1535 3918 respectu
1552 3836 1717 3901 nominati.
1762 3834 1887 3899 Pacilus

271 3936 351 4002 Rutu
372 3943 480 4002 contra
504 3960 563 4019 pro
581 3939 735 4003 Karalini
756 3941 847 4003 edicti
868 3941 1021 4021 deperditi
1041 3941 1185 4021 reliquiis
1205 3941 1365 4005 anidituit
1385 3939 1527 4021 capitulo
1547 3937 1886 4018 mansitant,

271 4045 299 4103 et
327 4042 420 4105 verba
450 4042 539 4121 apud
566 4041 775 4106 Hinonarurn
805 4064 819 4106 c
847 4042 1016 4106 Benedido
1041 4043 1153 4106 laevita
1165 4042 1211 4119 ΙΙ,
1225 4046 1287 4109 426
1313 4047 1457 4123 eecerpta
1485 4043 1577 4122 idque
1606 4041 1741 4105 edictum
1769 4039 1919 4122 madan

271 4142 577 4223 Francrmofurtensi
598 4145 678 4207 attrei
692 4147 749 4210 tut
779 4146 962 4225 adscripsit,
990 4147 1043 4207 cui
1066 4144 1228 4208 Paulinus
1248 4145 1374 4226 quidem
1399 4144 1527 4207 testibrus
1550 4141 1725 4207 annalibus
1748 4142 1886 4205 laures-

268 4244 468 4309 bornensibus
487 4245 635 4324 interfuit
655 4247 709 4310 sed
730 4268 793 4309 ruini
814 4251 976 4327 turriquarn
998 4247 1183 4328 (aptadollcoe
1208 4248 1291 4310 sedis
1319 4248 1398 4310 uices
1419 4251 1540 4323 terecns,
1569 4266 1641 4309 curu
1655 4265 1768 4326 papae
1794 4244 1886 4326 leuati

262 4346 373 4426 potius
397 4346 646 4428 Tbeopbylactus
668 4353 695 4411 et
717 4348 896 4429 Stephanus
920 4350 1037 4431 synodo
1065 4348 1112 4413 illi
1133 4351 1322 4413 interessent.
1364 4350 1447 4431 (cte.
1469 4368 1571 4430 stupro
1589 4367 1665 4429 pap.
1678 4350 1719 4414 'id
1737 4349 1832 4412 nol-l
1861 4350 1887 4409 et

268 4448 380 4528 synodi
407 4448 497 4511 illius
522 4450 676 4529 capitula,
707 4471 789 4530 qtuce
816 4451 855 4514 ab
882 4451 924 4514 iis
951 4472 1033 4532 accae
1056 4451 1190 4515 llotlieu
1222 4472 1296 4514 cunr
1325 4451 1499 4515 lliucuutro
1525 4470 1588 4532 pro
1620 4449 1713 4513 edicti
1737 4448 1888 4529 partibus

267 4548 380 4613 tramit
399 4551 524 4614 manino
544 4550 651 4614 alinea
670 4555 770 4632 scint.)
1895 4582 1921 4619 a

370 4651 508 4716 Etiamsi
527 4652 662 4718 Baluuii
682 4655 729 4718 cel
751 4654 858 4719 ltotlii
878 4655 1049 4718 sententiae
1067 4676 1138 4719 curn
1159 4655 1235 4719 aliis
1253 4676 1305 4737 epa
1324 4676 1446 4737 quque
1463 4660 1558 4719 autea
1576 4653 1797 4735 adstipulatus
1816 4674 1885 4717 sun

267 4753 374 4832 (Mon.
397 4754 502 4819 Genii.
522 4755 620 4835 Lepos
633 4756 699 4833 IV,
727 4777 800 4837 pap.
815 4756 882 4820 LX
889 4756 947 4833 VI,
973 4761 1034 4820 nat.
1047 4760 1111 4840 93),
1137 4763 1243 4822 tamen
1269 4758 1359 4821 bodie
1386 4780 1419 4821 eo
1442 4757 1573 4834 inclino,
1600 4761 1638 4820 ut
1658 4755 1839 4821 Hincmaro
1860 4762 1888 4819 el

269 4860 360 4919 reatae
384 4857 420 4920 iu
445 4857 588 4938 maraine
611 4860 812 4939 quorundam
838 4860 977 4922 codionon
1001 4864 1136 4940 scriptae
1161 4861 1256 4939 tillem
1279 4860 1339 4923 bac
1367 4860 1405 4923 dc
1429 4881 1464 4923 rc
1486 4860 1639 4940 imment.
1686 4858 1887 4923 Hincruants

267 4977 333 5020 non
352 4958 427 5020 aliis
448 4959 486 5022 de
506 4960 646 5040 tontibus
664 4960 700 5023 in
721 4961 933 5024 cmstituendo
955 4961 1006 5024 illo
1027 4962 1144 5027 Karoli
1168 4963 1264 5026 eriieto
1291 4962 1400 5026 bausit
1420 4963 1484 5026 uisi
1505 4963 1544 5026 de
1563 4961 1715 5043 Arcscpisi
1734 4965 1765 5025 et
1784 4960 1888 5029 Bene·

268 5059 346 5121 dicti
366 5059 609 5124 collationibus:
633 5063 739 5142 capulo
764 5063 854 5142 apud
876 5064 1105 5143 Anscpisuml,
1126 5068 1164 5132 ‘il'
1177 5069 1254 5131 ellit
1279 5087 1337 5147 pro
1358 5064 1528 5129 Karalinis
1546 5064 1673 5138 babuit,
1696 5063 1777 5145 quia
1806 5064 1922 5127 initeris

270 5159 432 5224 Karalina
451 5163 490 5226 ab
511 5164 665 5244 Arusepiso
690 5166 793 5244 quisita
811 5172 904 5231 erant
922 5170 951 5229 et
970 5187 1003 5230 ea
1023 5166 1169 5231 libentius
1187 5189 1225 5231 ea
1237 5168 1360 5232 Karolc
1379 5168 1498 5242 tribuit,
1519 5186 1581 5248 quo
1602 5169 1784 5247 praecepta,
1804 5186 1887 5248 quar·

270 5261 312 5322 iis
333 5262 443 5325 insunt
461 5268 489 5326 ct
507 5265 600 5328 rcbcrs
625 5266 851 5330 ecdesiastibus
875 5268 1045 5331 (discedunt
1071 5274 1148 5333 stent
1175 5271 1285 5347 utilia,
1311 5271 1425 5334 riutiori
1449 5273 1544 5350 aupes
1566 5270 1745 5351 antiquiori
1767 5266 1887 5333 Karoli

270 5365 380 5443 ntapni
399 5367 584 5430 stemmate
601 5368 725 5431 ricimiri
738 5367 908 5432 Hincmari
925 5369 1057 5433 netellam
1070 5372 1216 5435 interesse
1236 5372 1381 5452 opuntuit.
1425 5372 1515 5452 Qteod
1524 5372 1888 5455 mummolenum

271 5465 426 5529 Karalini
445 5468 536 5531 elicii
556 5470 729 5549 capitulum
751 5469 949 5534 Hiucrnarus
966 5471 1082 5553 allcpat
1100 5473 1278 5537 (testandum
1304 5478 1348 5537 est
1369 5494 1385 5536 e
1403 5473 1569 5538 Bertediati
1596 5473 1708 5539 levitae
1726 5473 1886 5556 capiteII.

269 5570 346 5643 426,
374 5570 508 5650 dotted
533 5570 572 5633 de
592 5571 692 5635 Leone
715 5593 803 5653 papa
829 5594 886 5653 per
907 5573 1068 5638 Arnonene
1093 5575 1357 5656 ardiiepiscopurn
1385 5576 1425 5639 de
1450 5574 1675 5657 ὡυνῳίεωῑήε
1696 5574 1924 5660 intercades·

268 5668 347 5733 dicit
367 5690 406 5734 ec
426 5670 562 5737 eiusdem
583 5674 684 5753 capite
697 5673 763 5751 111,
774 5678 836 5743 260
854 5674 971 5753 lucisit,
992 5676 1048 5740 ubi
1062 5675 1194 5758 lepino:
1214 5678 1600 5765 ‘QuapropterAmonem
1612 5680 1887 5767 antiepiscopum
