4380 6248
760 391 1021 448 carmennum
1041 391 1324 447 MEROWINGICA.
1807 390 1841 453 11

237 570 382 656 (Grcpor.
416 570 530 635 Turba.
559 570 612 635 lib.
632 572 726 652 VIII,
754 575 780 636 1.
793 572 821 635 ’1.
842 571 926 635 Acta
946 571 1074 635 concilii
1090 571 1181 656 apud
1199 571 1311 635 Mataei
1334 571 1397 652 IX,
1424 574 1499 641 946:
1531 572 1689 636 Sti-rnorrd.
1700 574 1732 652 I,
1757 569 1842 656 381.)

238 671 296 735 Ad
314 673 395 735 19119
415 673 675 737 Ilatracoraeaeerrr
695 673 850 757 synodum
871 696 1002 757 sequeris
1028 672 1265 736 Gaatcbramai
1280 678 1364 758 repre
1384 673 1518 737 edictum
1537 676 1736 758 episcoparet
1751 677 1842 738 corui·

239 775 323 837 91199
343 773 450 837 &aava
472 788 607 858 spectat,
635 798 694 860 qaae
709 777 834 860 prebeas
854 775 983 838 coam'lai‘
998 797 1099 838 canoa
1121 774 1160 838 de
1178 775 1229 838 die
1245 775 1399 839 adamabdco
1419 774 1603 838 celebrando
1624 777 1842 856 confirmandam

238 875 371 940 ahenam
392 900 462 941 aero
481 901 633 941 concnam
648 879 707 962 qai
719 879 856 941 aiumdmr'
865 878 1015 940 1119919911
1027 889 1104 939 9991
1112 879 1301 960 praesertim
1317 878 1350 939 a'a
1368 901 1402 941 re
1421 876 1595 939 audaeana
1617 876 1707 939 119119
1729 879 1842 941 mmai)

206 997 220 1037 9
228 979 287 1058 fit,
307 978 366 1042 aed
383 979 543 1063 generalia
563 991 683 1042 1991991
704 979 859 1064 quaedam
880 978 918 1042 de
932 1002 1015 1062 puae
1036 990 1066 1042 et
1083 979 1207 1041 airata'trb
1227 978 1442 1042 emmerammus
1461 990 1653 1041 9191999199.

1452 1098 1761 1184 mauram

338 1290 607 1400 Gunthramnus
633 1354 689 1398 rex
712 1334 905 1397 Francorum
933 1333 1082 1397 omnibus
1112 1333 1315 1417 pontificibus
1342 1355 1378 1398 ac
1400 1338 1558 1401 uniuersis
1578 1338 1792 1404 sacerdotibus
1812 1347 1843 1403 et

237 1437 361 1498 cunetis
384 1435 543 1500 iudicibus
563 1438 597 1499 19
618 1438 745 1520 regione
767 1442 874 1499 nostra
897 1435 1083 1498 constitutis.

337 1536 400 1601 Per
419 1538 478 1600 hoc
506 1557 660 1621 supernae
681 1537 853 1601 maiestatis
880 1543 1057 1616 auctorem,
1084 1538 1176 1601 99199
1205 1539 1354 1601 19999199
1383 1550 1537 1623 reguntur
1556 1542 1700 1625 imperio,
1727 1541 1840 1625 placari

192 1666 219 1704 ιο
237 1639 412 1719 eredimus,
433 1641 459 1702 si
480 1641 514 1703 in
534 1639 651 1723 populo
673 1646 780 1703 nostro
801 1640 940 1703 iustitiae
960 1640 1031 1701 iura
1051 1657 1230 1703 servamus:
1253 1646 1284 1703 et
1298 1641 1350 1704 ille
1366 1643 1439 1724 pius
1456 1649 1545 1725 pater
1561 1649 1591 1706 et
1608 1643 1764 1723 dominus,
1786 1647 1840 1728 991

238 1741 395 1805 humanae
415 1741 591 1825 fragilitatis
614 1740 823 1805 substantiam
853 1761 911 1805 suo
943 1760 1066 1824 semper
1086 1741 1235 1805 adiurare
1256 1744 1421 1806 consuerit
1441 1744 1573 1820 9991119,
1597 1745 1711 1809 melius
1732 1746 1841 1831 digna-

237 1841 324 1906 bitur
350 1851 537 1907 cunotorum
559 1842 799 1908 necessitatibus
821 1863 902 1926 9999
923 1850 998 1906 9991
1019 1849 1195 1926 opportuna
1222 1844 1406 1925 concedere,
1434 1865 1514 1928 quos
1534 1849 1693 1930 cognoscit
1716 1868 1840 1932 praece

237 1950 364 2027 ptorum
392 1965 524 2009 suornm
551 1947 670 2009 monita
696 1945 861 2009 custodire.
909 1942 995 2007 Dum
1016 1964 1073 2028 pro
1098 1946 1188 2028 regni
1215 1965 1288 2030 ergo
1309 1948 1409 2010 nostri
1430 1947 1597 2012 stabilitate
1617 1955 1648 2013 et
1668 1950 1840 2014 salvatione

237 2048 373 2129 regionis
392 2046 441 2111 vel
462 2047 570 2131 populi
587 2047 797 2111 sollicitudine
811 2046 955 2130 pervigili
973 2048 1122 2111 attentius
1139 2053 1413 2130 pertrectaremus
1434 2051 1640 2133 cognorimus
1658 2052 1739 2115 intra
1750 2055 1838 2136 regni

191 2151 335 2212 91199111
357 2150 457 2232 spatia
478 2152 627 2214 universa
648 2150 777 2229 scelera,
810 2168 892 2232 quae
911 2148 1088 2213 canonibus
1108 2158 1138 2213 91
1159 2149 1283 2233 legibus
1306 2169 1362 2233 pro
1384 2150 1491 2213 divino
1512 2153 1624 2215 timore
1644 2155 1750 2236 puniri
1767 2174 1840 2217 con-

237 2259 384 2330 suerunt,
406 2251 557 2315 suadente
578 2251 757 2315 adversario
779 2250 853 2313 boni
875 2251 977 2333 operis
997 2253 1179 2334 perpctmri,
1208 2259 1237 2314 et
1258 2271 1298 2314 ex
1319 2252 1378 2315 hoc
1392 2253 1501 2336 procul
1517 2253 1613 2317 dubio
1626 2255 1839 2339 indignatione

235 2352 361 2417 coelesti
381 2372 437 2436 per
457 2353 597 2417 diversas
618 2353 715 2418 saculi
737 2358 935 2436 tempestates
953 2352 1097 2415 homines
1118 2372 1154 2416 ac
1175 2373 1286 2436 pecora
1307 2364 1361 2417 aut
1382 2354 1490 2417 morbo
1508 2358 1654 2420 consumi
1670 2364 1840 2421 censentur

236 2463 291 2518 aut
317 2454 437 2539 gladio,
465 2456 541 2519 dum
567 2457 675 2518 divina
702 2455 819 2518 iudicia
838 2474 902 2517 non
930 2455 1097 2531 timentum
1128 2464 1223 2538 atque
1247 2457 1289 2519 ita
1309 2456 1359 2523 fit.
1389 2465 1423 2519 ut
1445 2458 1637 2522 admittendo
1658 2458 1764 2523 illicita
1785 2478 1840 2544 per

235 2558 445 2640 ignorantiam
466 2559 559 2621 multi
580 2558 764 2641 depereant,
793 2562 824 2619 ct
844 2576 908 2619 non
931 2555 1034 2619 solum
1054 2565 1250 2640 praesentem
1269 2559 1367 2620 vitam
1387 2558 1520 2622 celerius
1535 2568 1689 2642 cogantur
1698 2562 1839 2625 amittere

190 2680 218 2720 99
237 2658 292 2722 sed
312 2667 343 2723 et
363 2660 478 2723 inferni
501 2659 655 2743 supplicia
675 2660 840 2722 sustinere.

334 2761 386 2824 Ad
409 2782 466 2825 ros
495 2781 585 2844 ergo,
612 2763 802 2824 sacrosancti
827 2760 1007 2843 pontifices,
1033 2759 1151 2843 quibus
1179 2758 1286 2822 divina
1307 2760 1473 2824 clementia
1494 2765 1655 2845 potestatis
1676 2772 1838 2847 patemae²

236 2865 391 2927 concessit
412 2862 566 2943 officium,
595 2864 750 2947 imprimis
772 2869 897 2926 nostrae
919 2863 1094 2925 serenitatis
1123 2880 1225 2925 99999
1248 2861 1407 2944 dirigitur,
1436 2870 1595 2947 sperantes
1617 2865 1700 2948 quod
1723 2867 1765 2929 ita
1784 2886 1838 2949 po-

237 2966 348 3050 pulum
376 2964 465 3028 vobis
492 2966 688 3048 providentia
714 2965 823 3027 divina
840 2965 1012 3027 comissum
1033 2964 1189 3047 frequenti
1210 2963 1441 3046 praedicatione
1462 2966 1613 3030 studeatis
1634 2968 1788 3051 corrigere
1808 2976 1838 3032 91

238 3068 386 3150 pastorali
416 3067 520 3130 studio
547 3067 739 3151 gubernare,
767 3074 937 3149 (pestanus,
964 3066 1040 3129 dnm
1071 3067 1210 3128 uniuersi
1238 3065 1396 3148 diligendo
1422 3067 1574 3131 iustitiam
1602 3071 1839 3132 conversatione

190 3193 217 3233 99
235 3171 404 3254 praecipua
421 3190 493 3233 cum
517 3171 603 3233 omni
624 3169 787 3233 honestate
809 3169 988 3231 studuerint
1009 3168 1131 3247 virere,
1159 3166 1289 3246 melius,
1318 3175 1431 3231 cuncta
1456 3188 1563 3233 rerum
1584 3169 1771 3234 adversitate
1791 3190 1839 3233 re·

236 3278 336 3351 mota,
356 3271 482 3334 coelesti
503 3270 655 3335 beneficio
676 3272 866 3335 concedatur
881 3269 1091 3353 tranquillitas
1101 3276 1279 3352 temporum
1294 3278 1325 3333 et
1345 3290 1483 3354 congrua
1498 3271 1629 3334 salvatio
1643 3273 1837 3356 populorum.

236 3372 277 3436 Et
295 3373 367 3436 licet
394 3372 514 3457 absque
532 3381 640 3436 nostre
660 3374 874 3437 admonitione
895 3372 933 3435 ad
954 3392 1011 3435 999
1033 3371 1207 3454 specialiter
1227 3372 1426 3454 praedicandi
1453 3393 1549 3436 causa
1570 3376 1736 3456 pertineat,
1761 3381 1838 3437 9119-

235 3493 306 3538 9199
329 3476 523 3559 reliquorum
547 3477 681 3559 peccatis
703 3495 760 3538 vos
776 3476 905 3537 omnino
924 3473 1083 3537 credimus
1098 3493 1166 3536 esse
1183 3475 1366 3557 participes,
1387 3476 1413 3537 si
1428 3474 1566 3538 tiliorum
1583 3481 1759 3538 vestrorum
1772 3476 1839 3538 cul·

235 3597 290 3661 pas
319 3598 383 3640 non
412 3578 538 3641 assidua
567 3578 784 3660 obiurgatione
806 3578 961 3659 corrigitis
988 3575 1043 3638 sed
1070 3575 1193 3638 silentio
1213 3577 1395 3658 praeteritis.
1437 3575 1517 3638 Nam
1540 3596 1598 3639 nec
1619 3596 1691 3655 nos,
1721 3576 1838 3659 quibus

188 3698 216 3738 aa
234 3680 412 3743 facultatem
448 3679 601 3763 regnandi
630 3681 756 3762 superni
784 3680 867 3762 regis
893 3679 1050 3741 commisit
1075 3677 1257 3747 auctoritas,
1289 3679 1366 3740 iram
1395 3679 1464 3741 eius
1492 3678 1623 3741 eradere
1659 3699 1838 3761 possumus,

235 3779 261 3840 si
282 3777 321 3842 de
342 3777 482 3841 9111119919
503 3777 618 3861 populo
639 3775 881 3840 sollicitudinem
903 3795 966 3839 non
988 3776 1149 3840 habemus.

335 3878 455 3942 Idcirco
477 3879 573 3942 huius
594 3878 709 3942 decreti
731 3899 766 3941 ac
788 3878 980 3942 definitionis
999 3880 1175 3963 generalisl
1207 3882 1313 3962 vigore
1339 3880 1552 3955 decernimus¹
1581 3887 1615 3944 ut
1636 3882 1668 3943 in
1690 3881 1838 3945 omnibus

236 3981 347 4045 diebus
374 3981 556 4055 (1991191919,
584 3983 616 4044 19
646 3981 763 4063 quibus
792 3989 917 4045 9999199
944 3983 1182 4045 resurrectionis
1203 3983 1390 4063 mysterium
1413 4002 1616 4061 veneramur,
1645 3984 1693 4047 991
1713 3985 1745 4046 19
1769 3986 1838 4067 991-

237 4082 428 4166 buscunqne
448 4083 579 4166 reliquis
601 4083 868 4162 solemnitatibus,
897 4083 1023 4166 quando
1048 4101 1089 4146 911
1114 4103 1202 4147 moro
1226 4083 1264 4146 ad
1293 4084 1471 4147 veneranda
1499 4085 1687 4168 templorum
1711 4087 1837 4149 oracula

189 4208 217 4247 as
236 4187 402 4248 9111991999
425 4184 526 4268 plebis
544 4186 724 4248 coniunctio
744 4185 920 4249 devotionis
941 4191 1150 4269 congregatur
1171 4185 1288 4261 studio,
1308 4186 1535 4269 praeterquod
1557 4187 1596 4249 ad
1617 4189 1737 4250 rictum
1750 4207 1837 4270 prae·

236 4288 337 4368 parari
358 4288 521 4357 convenit,
544 4287 583 4350 ab
603 4288 689 4350 omni
711 4288 862 4370 corporali
885 4307 977 4370 opere
999 4288 1210 4371 suspendatur
1230 4306 1288 4351 nec
1310 4287 1374 4349 ulla
1395 4307 1563 4350 causarum
1584 4289 1749 4371 praecipue
1774 4290 1837 4352 iur-

234 4388 286 4471 gia
307 4397 499 4452 moveantur.

335 4491 395 4554 Sed
418 4511 490 4571 ros,
518 4491 676 4575 apostolici
703 4491 882 4573 pontifices,
911 4493 1079 4574 iungentes
1105 4490 1268 4555 vobiscum
1298 4492 1536 4555 consacerdotes
1559 4501 1677 4555 vestros
1705 4499 1735 4555 et
1756 4493 1837 4555 filios

235 4594 368 4669 senioris
389 4594 538 4657 ecclesiae
556 4613 592 4656 99
607 4593 747 4656 19119992
766 4593 915 4671 locomm,
937 4613 1157 4676 quoscumque
1175 4595 1346 4675 agnoscitis
1360 4593 1444 4676 quod
1461 4594 1543 4656 91199
1557 4594 1692 4676 qualitas
1707 4594 1837 4658 honesta

187 4719 215 4759 19
235 4695 450 4769 commendat,
471 4697 515 4758 ita
538 4697 718 4759 universam
740 4696 847 4779 populi
869 4695 1105 4759 multitudinem
1126 4696 1282 4758 constanti
1304 4694 1354 4758 991
1374 4693 1442 4758 Deo
1464 4694 1576 4778 placita
1592 4696 1836 4778 iugiterpraedi-

233 4801 355 4862 catione
370 4799 530 4878 corrigite,
550 4808 589 4861 ut.
600 4804 630 4861 91
649 4796 729 4860 bene
741 4799 884 4862 91999199
903 4798 1059 4879 mysticus
1077 4797 1303 4860 adhortationis
1320 4816 1422 4860 sermo
1438 4795 1590 4873 mulceat,
1611 4802 1642 4861 91
1652 4797 1836 4861 excedentes

234 4899 379 4964 adriam
406 4902 481 4964 recti
510 4901 632 4963 itineris
658 4901 809 4963 correctio
837 4898 1001 4982 pastoralis
1027 4899 1176 4963 adducat:
1206 4907 1363 4981 quatenus
1390 4917 1500 4963 omnes
1522 4899 1665 4961 unanimi
1686 4897 1835 4962 delibera-

234 5003 319 5066 tione
348 5001 545 5066 laudabiliter
570 5002 718 5066 studeant
747 5003 854 5064 rivere
881 5001 931 5064 vel
959 5002 1148 5084 aequitatem
1177 5007 1208 5064 et
1232 5001 1385 5063 iustitiam
1414 5020 1613 5078 conservare,
1642 4999 1777 5083 qualiter
1796 5001 1835 5063 ab

233 5105 320 5167 omni
347 5111 547 5187 peccatorum
579 5102 665 5167 faece
692 5103 808 5167 liberos
836 5122 911 5166 9999
938 5111 1046 5166 9911919
1077 5104 1228 5185 suscipiat
1260 5101 1391 5166 ecclesia
1422 5102 1618 5165 christianos,
1665 5101 1836 5165 Enimvero

187 5236 215 5275 9
234 5207 419 5289 9919911999
440 5206 637 5270 sacerdotum
666 5214 721 5268 991
748 5205 939 5268 secularium
960 5206 1135 5268 intentione
1162 5205 1320 5268 mortifera
1344 5204 1548 5288 perdurantes
1570 5202 1711 5267 crebrius
1730 5203 1837 5267 admo-

331 5435 360 5506 9)
381 5443 526 5508 paternum
548 5436 609 5489 13.

336 5659 365 5730 1)
388 5659 505 5715 099911ιῖ
523 5660 634 5714 Matisa.
657 5679 718 5732 cup.
734 5661 759 5714 l.
842 5659 871 5729 2)
896 5659 1011 5713 Caerites
1030 5659 1072 5713 ael
1090 5661 1233 5729 qrufionca.
