4380 6248
267 364 330 428 300
924 364 1151 422 HLUDOWICI
1173 364 1228 419 ΡΠ

267 544 301 606 in
343 542 455 606 ceteris
495 560 571 604 vcro
612 541 793 605 civitatibus
837 540 892 604 ubi
940 560 1147 604 remacensem
1168 560 1231 604 non
1253 545 1439 605 estmoneta
1479 541 1605 620 ,sunili
1626 542 1722 605 ratio·
1742 546 1802 601 23.

268 663 308 708 ne
330 663 436 707 comes
583 644 865 707 smonetariorum
1060 654 1064 711 l
1318 644 1386 728 ipse
1405 662 1513 708 comes
1532 663 1597 708 non
1617 644 1803 723 solamen.

732 764 797 828 que
819 744 945 808 facienti
1060 745 1064 821 l
1177 746 1217 809 ad
1238 745 1598 811 solicitudinemcomes
1618 751 1651 811 et
1670 764 1724 811 ma
1742 751 1804 807 el.

500 849 640 931 optineat
682 853 717 911 ut
757 848 825 930 ipse
864 866 920 930 per
959 850 1153 930 pareslsuos
1176 846 1225 911 ccl
1252 848 1462 931 negotiatores
1488 848 1552 913 huc
1580 847 1723 932 illucque
1742 854 1768 907 8.
1777 854 1803 911 9.

267 951 481 1014 discurrentes
564 951 705 1032 inquirat
786 950 824 1012 ob
1062 956 1065 1017 !
1730 950 1840 1025 lion.
1892 960 1902 997 ¹

1060 1052 1063 1127 l
1290 1116 1292 1120 ,
1317 1052 1411 1137 serat
1729 1054 1789 1135 llil.
1799 1061 1840 1115 13.

826 1158 900 1216 auct
1062 1152 1273 1232 lmabatontiae
1293 1153 1456 1220 subiacere
1731 1156 1841 1237 lleld.

268 1261 423 1320 statutum
446 1256 477 1318 in
1061 1254 1224 1339 lpraesum
1730 1260 1789 1337 116.
1799 1264 1841 1320 ll.

583 2002 678 2106 148.
721 1997 1115 2107 CAPITULA
1160 1998 1570 2111 MISSORUM.

1034 2173 1111 2252 sar.
1886 2214 1907 2255 n

374 2349 432 2430 Ab
455 2366 607 2452 Aracepiso
629 2378 749 2429 tantum
778 2379 905 2430 ser-ento
925 2379 955 2430 el
978 2368 1018 2429 ob
1044 2391 1078 2431 co
1104 2370 1138 2432 aia
1159 2368 1238 2432 libro
1263 2381 1375 2453 qmarto
1401 2368 1441 2449 (c.
1459 2373 1521 2435 l-
1535 2368 1588 2439 12)
1613 2370 1697 2434 einer
1719 2368 1878 2433 scandona

268 2476 414 2562 capillulo
435 2487 508 2538 orate
528 2472 723 2557 capitulario
744 2497 861 2557 namma
882 2476 1128 2540 ‹renntllusstti
1149 2475 1235 2538 edita
1255 2475 1408 2539 collecata
1426 2487 1509 2539 ment.
1553 2474 1620 2539 Sed
1637 2498 1655 2539 e
1673 2477 1779 2561 eapite
1796 2489 1879 2541 mlo

272 2590 415 2657 marcant,
450 2575 628 2660 ccrpc'tulare
656 2574 712 2638 loe
740 2577 949 2659 qualequmnio
969 2588 1046 2660 post
1066 2576 1224 2660 placitum
1252 2576 1440 2661 Competada'r'
1460 2578 1501 2639 ab
1529 2578 1717 2662 stuperatem
1742 2576 1879 2641 Ιιιιόιῖιιιιι

266 2680 372 2762 fin'sse
399 2690 594 2762 conceptum,
632 2675 716 2761 quod
743 2675 951 2740 Illudmor'ems
982 2677 1154 2742 aetralibus
1186 2679 1317 2743 testibus
1344 2702 1414 2743 nere
1439 2678 1552 2742 habuit
1581 2702 1687 2743 metrae
1714 2680 1885 2745 Novenbn·

272 2805 354 2844 ιιιιιιο
368 2782 445 2858 816;
475 2779 522 2842 od
538 2779 632 2842 haiam
657 2778 847 2863 capitula-ras
870 2777 1127 2863 conmendantes
1153 2793 1251 2865 capnt
1274 2782 1417 2865 qrta'ntnna-
1441 2781 1556 2865 (supra
1570 2804 1648 2867 paq.
1663 2781 1742 2862 258)
1761 2781 1914 2847 Hludc-ra

268 2885 367 2947 rce'ems
393 2885 425 2945 a'n
452 2881 508 2944 loc
541 2883 709 2944 cancamum
736 2881 876 2965 copn'tnlo
903 2893 990 2945 aceto
1023 2882 1193 2966 numerator
1225 2885 1365 2967 respicit
1423 2880 1608 2966 Gapaltalare
1642 2885 1754 2948 ιιιιὶιιὼ
1780 2884 1884 2966 j'ufm

272 2986 392 3065 dctuna,
411 2984 610 3069 potissimum
627 2984 734 3066 cupita
747 2986 775 3047 2.
789 2985 817 3046 4.
831 2985 858 3048 7.
875 2987 921 3047 ll.
937 2985 976 3047 l?
992 2983 1135 3068 produnt
1141 3008 1152 3061 ,·
1172 2984 1316 3069 capitula
1326 2984 1352 3048 7.
1362 2986 1391 3049 8.
1406 2988 1450 3049 10.
1461 2986 1495 3049 11
1520 2984 1568 3047 od
1578 2984 1776 3049 teanensem
1797 2988 1888 3071 regni

267 3100 392 3173 pazrtcm
412 3084 631 3149 occidendum
655 3097 684 3146 ct
702 3084 896 3169 Aquitaniae
918 3085 1057 3169 I'r'ppe'no
1068 3085 1142 3167 filio
1163 3086 1310 3150 stabelitate
1319 3088 1497 3168 finitimam
1516 3099 1660 3171 apcewrc
1679 3086 1836 3152 videntur.

1252 3189 1308 3264 (B.
1329 3187 1421 3273 apud
1435 3188 1569 3274 Anaeffi
1597 3188 1634 3253 P.
1647 3188 1675 3271 l,
1688 3190 1777 3268 230.)

374 3352 421 3462 Si
444 3392 524 3454 servi
552 3410 607 3473 per·
632 3391 861 3452 contumatiam
890 3389 1021 3452 collecta
1046 3390 1252 3453 multitudine
1278 3391 1374 3454 alicui
1394 3392 1460 3453 vim
1490 3391 1672 3473 intulerint,
1697 3393 1731 3457 id
1759 3402 1810 3459 est
1828 3402 1919 3459 auto

271 3491 477 3556 homicidium
513 3504 568 3555 aut
594 3492 779 3554 incendium
812 3498 867 3554 aut
897 3490 1181 3575 qualiumcumque
1208 3511 1315 3556 rerum
1354 3492 1545 3577 direptiones
1579 3493 1729 3573 fecerint,
1762 3495 1884 3559 domiui

269 3613 407 3677 (quonam
431 3595 622 3677 negligentia
643 3594 702 3655 lroo
722 3595 843 3673 evcnit,
864 3612 920 3676 pro
942 3612 978 3657 co
1001 3594 1085 3677 qnod
1107 3613 1161 3658 eos
1181 3596 1397 3678 constringere
1417 3595 1605 3673 noluerunt,
1629 3602 1667 3659 ut
1686 3595 1763 3659 talia
1783 3596 1884 3661 tacere

269 3715 335 3758 non
357 3696 522 3776 auderent,
542 3696 684 3760 bannum
709 3704 867 3772 nostrum,
888 3695 920 3758 id
939 3706 986 3759 est
1006 3697 1170 3780 sexaginta
1192 3696 1321 3776 solidos,
1342 3697 1464 3761 solvere
1484 3705 1645 3781 cogantur.

371 3801 399 3862 2.
441 3797 510 3861 Dc¹
529 3798 626 3862 rebus
648 3800 714 3861 sire
736 3798 918 3880 mancipiis,
939 3817 1020 3879 quac
1041 3798 1220 3861 dicuntura
1241 3798 1318 3862 fisco
1339 3808 1447 3863 nostro
1466 3818 1535 3863 csse
1545 3806 1713 3884 occupata,
1733 3800 1884 3865 volumus

272 3912 307 3964 ut
340 3902 429 3964 missi
459 3903 557 3964 nostri
586 3902 826 3984 inquisitionem
856 3900 971 3963 faciant
1003 3902 1093 3963 sinet
1126 3909 1323 3963 sacramento
1355 3920 1411 3984 per
1438 3902 1609 3966 veratiores
1634 3901 1782 3967 homines
1812 3903 1882 3987 pagi
1893 3926 1919 3967 r.

272 4003 358 4066 illius
379 4004 681 4079 circummanentem
709 4014 738 4065 ct
761 4002 913 4085 quicquid
936 4002 974 4064 cle
996 4002 1053 4064 hac
1075 4022 1172 4066 causo
1193 4004 1300 4066 verinis
1318 4022 1355 4066 ac.
1374 4005 1491 4067 certius
1512 4005 1704 4087 investigare
1724 4007 1883 4088 potuerint

272 4105 310 4168 ad
331 4116 472 4168 nostram
496 4106 611 4168 fociant
633 4106 797 4188 peraeuirc
816 4105 976 4183 notitiam,
1004 4113 1039 4167 ut
1065 4124 1123 4167 nos
1144 4112 1220 4167 tunc
1242 4105 1448 4185 definiamuS,
1474 4104 1624 4190 quicquid
1647 4104 1741 4171 nobis
1761 4108 1882 4171 iustrun

272 4227 342 4271 esse
364 4207 518 4270 videntur.

370 4313 399 4374 3.
444 4308 497 4371 Si³
529 4311 611 4372 servi
647 4308 696 4371 acl
730 4308 932 4372 ecclesiastici
965 4308 1013 4370 acl
1051 4308 1266 4391 quorumlibet
1295 4308 1467 4373 liberorum
1500 4310 1666 4374 hominum
1699 4311 1734 4373 in
1767 4310 1882 4375 fiscum

275 4419 418 4475 uestrum
443 4410 643 4493 confugerint
670 4417 700 4473 ct
730 4432 749 4472 a
775 4410 912 4472 dominis
940 4410 989 4473 vel
1016 4411 1177 4474 advocatis
1202 4429 1312 4473 eorarm
1338 4412 1462 4494 repetiti
1489 4411 1621 4484 luerint,
1648 4412 1676 4475 si
1701 4418 1791 4477 actor
1815 4412 1918 4477 flavin

274 4516 373 4577 nostri
395 4512 603 4592 intellexerit,
624 4512 708 4595 quod
730 4531 784 4576 eos
807 4514 890 4575 iuste
914 4531 978 4574 non
1000 4513 1098 4595 possit
1119 4520 1225 4575 tenero
1246 4511 1285 4575 ad
1307 4518 1451 4575 nostrum
1473 4513 1665 4593 dominium,
1691 4515 1786 4581 eiciat
1814 4516 1882 4581 illos

271 4617 310 4680 (le
331 4616 441 4679 codem
464 4614 540 4678 fisco
562 4621 592 4677 ct
615 4616 766 4697 recipiant
788 4634 841 4678 cos
863 4613 983 4677 domini
1004 4633 1124 4677 eorum.
1174 4612 1215 4676 Et
1235 4615 1263 4676 si
1284 4614 1385 4677 eidem
1408 4616 1504 4679 actori
1527 4617 1632 4679 visum
1653 4615 1766 4699 tuerit,
1797 4618 1881 4703 quod

270 4720 310 4781 ud
333 4729 478 4781 nostrum
500 4717 633 4781 debeant
654 4718 809 4799 pertinere
828 4717 1021 4785 dominium.
1045 4714 1181 4798 expellat
1206 4735 1261 4779 eos
1285 4715 1324 4780 de
1344 4715 1455 4780 codem
1473 4716 1550 4781 fisco
1577 4722 1623 4795 et,
1649 4726 1821 4804 postquam
1842 4720 1880 4784 ab

270 4821 388 4884 eisdem
412 4818 633 4903 repetitoribus
653 4818 771 4882 luerint
792 4820 922 4902 recepti,
948 4817 1060 4882 lrabeat
1086 4837 1160 4881 cum
1188 4819 1233 4881 cis
1260 4817 1434 4902 legitimam
1462 4820 1620 4885 actionem
1638 4828 1670 4885 et
1691 4822 1740 4887 sic
1759 4842 1829 4903 eos,
1853 4824 1879 4885 si

270 4923 398 5005 poterit,
418 4922 456 4985 ad
477 4928 616 4985 nostram
640 4919 796 4983 evindicet
815 4921 1055 5001 possessionem.
1889 4946 1915 4987 ‚a

370 5026 399 5088 4.
500 5022 548 5087 De
576 5023 678 5085 vassis
704 5022 834 5101 nostris,
864 5024 920 5105 qui
944 5022 981 5085 ad
1014 5041 1154 5085 marcam
1181 5028 1322 5086 nostram
1351 5024 1515 5087 constituti
1541 5030 1618 5088 sunt
1640 5026 1879 5092 custodiendam

271 5132 326 5188 aut
355 5126 385 5188 in
421 5126 603 5209 longinquis
636 5122 819 5207 regionibus
852 5143 911 5186 sua
934 5123 1052 5187 habent
1080 5123 1233 5188 beneficia
1259 5124 1309 5188 vel
1337 5144 1389 5188 rcs
1417 5126 1560 5209 proprias
1586 5124 1638 5191 vel
1662 5126 1760 5193 etiam
1789 5128 1879 5193 nobis

270 5228 398 5291 assidue
421 5229 454 5291 in
478 5229 592 5312 palatio
613 5240 718 5290 nostro
741 5227 904 5289 seminat⁴
927 5235 958 5289 et
977 5226 1046 5289 ideo
1066 5245 1131 5289 non
1152 5234 1286 5310 possunt
1304 5226 1433 5290 assidua
1453 5226 1612 5292 custodire
1630 5227 1763 5313 placita:
1784 5250 1879 5315 quam

374 5536 403 5607 1)
422 5532 1116 5606 (Ji-‚lacqcttiorna'aamnm,nn1›rnCerp.141,e.1.2.
1183 5532 1613 5607 ⁶2)('sr.apracap.144,e.t.
1668 5534 1703 5609 ⁸)
1720 5534 1879 5615 θᾳμυ

269 5635 350 5688 ocrim
359 5633 425 5690 818.
434 5634 503 5704 819,
511 5652 535 5687 c.
545 5632 574 5687 6.
615 5631 644 5703 4)
664 5634 722 5702 (rr.
730 5648 814 5703 euporo
826 5632 893 5703 Cap.
905 5631 970 5701 143,
978 5649 1002 5685 e.
1013 5630 1038 5686 2.
