4380 6248
884 357 1146 417 CAPITULARIA
1167 361 1265 415 814-
1278 361 1334 414 sat
1853 361 1918 425 313

306 537 556 621 praedicationes
580 536 776 601 sacerdotum
805 535 879 600 dare
905 536 1116 619 neglexerint,
1152 538 1477 601 excommunicentur.
1523 539 1726 604 Iuramento⁴
1755 560 1829 605 vero
1859 561 1915 604 eos

308 642 480 723 constringi
502 640 654 703 uolumus
674 647 799 723 propter
819 638 993 721 periculum
1016 640 1155 722 periurii.

408 746 435 807 8.
477 740 607 804 XLVI.
635 740 673 804 In
701 742 899 824 perceptione
926 741 1065 823 corporis
1096 747 1127 804 et
1160 743 1326 824 sanguinis
1354 742 1504 804 dominici
1535 763 1650 825 magna
1685 744 1830 807 discretio
1857 744 1913 807 ad·

310 845 446 910 bibenda
466 853 520 909 est.
562 843 747 908 Cavendum
769 850 817 907 est
838 845 940 920 enIm,
969 861 1021 923 ne,
1049 845 1075 905 si
1106 844 1242 906 nimium
1263 845 1297 906 in
1319 844 1451 926 longum
1472 844 1649 919 differetur,
1676 846 1713 908 ad
1739 848 1912 928 perniciem

285 950 433 1011 canimae
452 949 619 1031 pertineat,
647 946 770 1009 dicente
790 944 943 1008 Domino:
976 944 1074 1007 ‘nisit
1098 945 1364 1008 manducaveritis
1391 965 1517 1009 carnem
1545 945 1603 1008 filii
1630 947 1766 1009 hominis
1790 954 1822 1009 et
1841 968 1913 1010 san·

307 1052 437 1133 guinem
464 1051 535 1113 eius
563 1048 718 1126 bibentia,
747 1068 809 1110 non
840 1046 994 1110 habebitis
1021 1048 1117 1110 vitam
1146 1049 1178 1108 In
1207 1046 1324 1110 robis’
1371 1047 1404 1111 Si
1432 1066 1505 1111 vero
1534 1048 1700 1110 iudiscretc
1732 1050 1913 1131 accipiatur,

309 1141 484 1216 timendum
506 1158 554 1214 est
573 1150 652 1214 illud
674 1150 758 1232 quod
781 1151 824 1212 ait
844 1148 1019 1233 apostolus:
1049 1150 1140 1231 ‘quit
1162 1149 1332 1212 manducat
1352 1158 1383 1212 et
1405 1149 1483 1212 bibit
1504 1150 1645 1232 indigne,
1674 1150 1828 1214 indicium
1850 1150 1910 1213 sibi

308 1255 478 1318 manducat
498 1263 529 1316 et
549 1251 646 1316 bibit'
688 1251 783 1314 Iusta
803 1251 945 1314 eiusdem
971 1270 1045 1335 ergo
1074 1251 1205 1336 apostoli
1234 1250 1461 1314 documentum
1483 1251 1614 1334 probare
1640 1271 1674 1313 se
1696 1251 1787 1314 debet
1808 1252 1914 1329 homo,

308 1369 336 1420 et
357 1360 402 1421 sic
424 1357 463 1419 de
483 1373 565 1439 pane
586 1354 638 1416 illo
660 1353 851 1417 manducare
871 1359 901 1416 et
922 1352 960 1415 de
984 1352 1080 1416 calice
1099 1351 1221 1431 bibere;
1246 1359 1281 1415 nt
1301 1353 1462 1432 videlicet,
1483 1352 1646 1416 abstinens
1657 1354 1777 1437 aliquot
1799 1355 1913 1418 diebus

276 1460 345 1523 aab
368 1457 517 1543 operibns
536 1458 640 1520 caruis
661 1464 692 1519 et
718 1454 888 1539 purificans
915 1474 1030 1537 corpus
1056 1457 1260 1537 animamque
1286 1475 1395 1533 sunm,
1423 1462 1584 1538 praeparet
1614 1475 1647 1519 se
1673 1456 1711 1518 ad
1740 1458 1908 1540 percipien-

308 1563 383 1626 dum
411 1569 535 1624 tantum
559 1563 808 1636 sacramentum,
835 1556 981 1639 exemplo
1001 1554 1119 1634 David,
1151 1557 1220 1638 qui,
1251 1557 1313 1619 nisi
1339 1576 1373 1620 se
1401 1556 1565 1620 confessus
1585 1558 1697 1621 fuisset
1720 1559 1913 1623 abstinuisse

308 1664 345 1727 ab
366 1682 458 1748 opere
479 1659 637 1743 coniugali
659 1658 698 1721 ab
720 1659 787 1722 heri
807 1665 837 1721 et
857 1658 977 1721 nudius
998 1660 1124 1739 tertius,
1145 1678 1347 1740 nequaquam
1360 1679 1459 1741 panes
1470 1662 1691 1743 propositionis
1713 1682 1731 1724 a
1752 1663 1913 1725 sacerdote

307 1765 505 1848 accepisset.l

406 1870 434 1931 9.
474 1866 528 1930 LI.
551 1864 633 1941 Quia
653 1883 727 1945 ergo
747 1870 870 1926 constat
897 1864 930 1925 in
953 1862 1103 1926 aecelcsia
1128 1863 1323 1926 diversarum
1352 1863 1568 1926 conditionum
1597 1864 1741 1927 homines
1762 1884 1845 1942 esse,
1873 1872 1910 1929 nt

271 1988 296 2028 1⁵
308 1973 371 2035 sint
393 1969 513 2033 nobiles
534 1974 566 2031 et
585 1965 770 2050 ignobilest,
791 1967 888 2044 servi,
910 1964 1027 2045 coloni,
1048 1965 1197 2047 inquilini
1217 1975 1247 2028 et
1265 1971 1367 2028 cetera
1387 1965 1605 2028 huiuscemodi
1627 1967 1771 2044 nomina,
1791 1975 1913 2050 oportet

308 2083 342 2137 ut
362 2075 556 2157 quicumque
576 2071 622 2133 eis
647 2068 777 2153 praelati
807 2077 882 2130 sunt
909 2067 1013 2131 clerici
1044 2068 1111 2130 sive
1135 2067 1222 2145 laici,
1248 2067 1420 2130 clementer
1444 2087 1518 2149 erga
1547 2086 1601 2130 eos
1622 2075 1717 2150 agant
1738 2077 1769 2131 et
1790 2071 1911 2131 miseri·

306 2177 440 2239 corditer
457 2194 511 2237 eos
532 2178 678 2247 tractent,
705 2171 772 2233 sive
793 2171 826 2231 In
849 2169 1015 2251 exigendis
1042 2168 1081 2232 ab
1110 2170 1155 2232 eis
1176 2168 1341 2250 operibus,
1367 2170 1434 2232 sivo
1457 2170 1489 2231 in
1509 2171 1699 2252 accipiendis
1725 2169 1851 2233 tributis
1880 2179 1910 2233 et

306 2277 496 2362 quibusdam
519 2273 649 2351 debitis3
672 2274 835 2355 sciantque
854 2291 908 2335 eos
925 2273 1037 2335 fratres
1058 2291 1133 2334 suos
1154 2290 1224 2335 esse
1237 2278 1267 2334 et
1279 2292 1381 2334 unum
1397 2282 1517 2355 patrem
1531 2292 1639 2336 secum
1662 2271 1776 2335 habere
1796 2271 1911 2353 Deum,

305 2382 356 2444 cni
378 2380 531 2443 clamant:
558 2376 666 2439 ‘Pater
686 2380 805 2453 nester,
836 2375 890 2458 qui
913 2393 947 2437 es
969 2376 1001 2436 iu
1023 2372 1150 2451 coelis’;
1181 2393 1278 2436 unam
1299 2379 1431 2436 matrem
1452 2381 1593 2438 sanctam
1621 2375 1806 2454 ecclesiam,
1830 2394 1913 2457 (puae

271 2500 360 2546 socos
379 2485 564 2546 intememto
586 2483 667 2545 sacri
685 2479 781 2543 fontis
803 2483 891 2540 utero
912 2478 1021 2560 giguIt.
1062 2473 1238 2559 Disciplina
1250 2477 1348 2558 Igitur
1367 2477 1413 2539 ets
1430 2477 1724 2540 misericordisSIma
1746 2485 1776 2541 ct
1794 2476 1911 2560 guber·

307 2583 391 2644 natio
420 2588 575 2663 oportuna
601 2579 778 2644 adhibenda
811 2588 871 2642 est:
907 2578 1088 2662 disciplina,
1125 2598 1165 2640 nc
1197 2578 1428 2661 indisciplinate
1459 2580 1594 2642 vivendo
1622 2588 1781 2642 auctorem
1815 2600 1911 2642 suum

306 2683 478 2760 offendant3
509 2681 709 2766 gubernati0,
738 2701 778 2745 ne
804 2683 837 2744 in
859 2681 1024 2744 cotidianis
1047 2681 1129 2743 vitae
1157 2678 1386 2743 commeatibus
1405 2680 1614 2763 praelatorum
1644 2681 1838 2744 adannicnlo
1860 2681 1912 2744 dc·

306 2787 406 2848 stituti
428 2785 587 2848 fatescant.

409 2891 452 2952 lu.
495 2885 596 2966 (LII.)
626 2884 826 2949 lIonasteriis
857 2905 932 2948 sane
954 2885 1149 2969 puellaribus
1177 2885 1254 2949 tales
1286 2885 1434 2969 praeferri
1460 2884 1576 2948 debent
1602 2885 1738 2948 feminae
1765 2894 1796 2949 ct
1816 2885 1911 2948 abba·

268 2990 400 3053 atissae
419 2991 535 3052 creari⁰
557 3008 638 3072 quae
660 2995 745 3051 etse
766 2994 797 3050 et
819 2986 982 3051 subditum
1003 3007 1131 3071 gregem
1143 3007 1214 3051 cum
1235 2988 1549 3070 magnareligioncet
1570 2988 1733 3050 sanctitate
1753 2988 1911 3051 custodire

306 3093 464 3165 noverint,
487 3098 517 3155 ct
539 3091 589 3154 his
610 3089 728 3174 quibus
751 3097 904 3173 praesunt
924 3090 1071 3172 prodesse
1093 3110 1155 3153 non
1178 3090 1335 3169 desinant,
1356 3090 1410 3153 sod
1432 3100 1461 3152 et
1483 3109 1517 3152 se
1531 3094 1562 3152 et
1583 3088 1652 3151 illas
1674 3090 1715 3152 ita
1733 3089 1912 3170 observent,

306 3201 412 3278 utpote
439 3213 514 3257 vasa
540 3198 649 3256 sancta
679 3193 710 3254 in
740 3193 914 3254 ministerio
941 3189 1070 3255 Domini
1101 3200 1290 3276 pmeparata.
1340 3191 1444 3255 Talem
1473 3193 1558 3254 enim
1585 3210 1619 3254 se
1644 3190 1736 3254 debet
1761 3191 1911 3255 exhibere

305 3295 440 3359 subditis
460 3297 492 3358 In
515 3295 639 3375 habitu,
666 3296 699 3357 in
721 3303 823 3372 veste,
850 3295 881 3355 in
909 3295 994 3356 omni
1023 3295 1188 3372 convictu,
1221 3303 1255 3356 ut
1280 3295 1325 3356 eis
1352 3293 1390 3356 nd
1416 3293 1561 3356 coelestia
1588 3313 1683 3376 regna
1708 3293 1912 3377 pergentibus

305 3398 456 3460 ducatum
485 3395 638 3480 praebeat.
688 3395 772 3459 Sciat
798 3397 908 3473 etiam,
939 3415 973 3459 se
998 3416 1054 3478 pro
1083 3395 1131 3457 his
1170 3397 1307 3478 quasin
1334 3397 1486 3478 regimine
1512 3396 1647 3478 accepit,
1682 3397 1714 3458 in
1743 3406 1913 3478 conspectu

268 3524 293 3561 so
304 3497 434 3562 Domini
455 3500 607 3562 rationem
629 3498 830 3562 reddituram.

407 3605 452 3666 11.
494 3599 691 3684 (Capitula
711 3599 1142 3663 concilii'Inroneusis.
1171 3598 1276 3677 XLI.)
1318 3599 1511 3677 Incestuosi,
1532 3600 1718 3683 parricidae,
1737 3600 1913 3663 homicidae

304 3704 396 3767 multi
419 3704 501 3787 apud
524 3724 583 3766 nos
603 3704 664 3766 heu
686 3722 741 3786 pro
762 3704 865 3766 dolor!
887 3704 1122 3786 repperiuntur,
1152 3703 1206 3766 sed
1234 3702 1330 3785 aliqui
1356 3721 1396 3765 ex
1418 3702 1480 3764 illis
1502 3701 1699 3764 sacerdotnm
1721 3702 1834 3765 nolant
1857 3702 1910 3764 ad·

305 3805 534 3869 monitionibus
562 3824 672 3868 aurem
698 3805 953 3880 accommodare,
985 3806 1125 3868 volentes
1159 3805 1191 3866 In
1218 3804 1359 3888 pristinis
1387 3805 1555 3887 perdurare
1583 3803 1777 3867 criminibus.
1824 3802 1911 3881 ans

307 3914 428 3993 oportet
448 3926 504 3991 per
525 3908 676 3971 secularIs
698 3909 853 3991 potentiae
877 3907 1075 3990 disciplinam
1097 3929 1115 3969 a
1136 3918 1199 3970 tam
1214 3927 1311 3990 pmva
1331 3905 1560 3969 consuetudine
1582 3906 1760 3985 cohercere,
1781 3907 1836 3989 qni
1856 3926 1912 3989 per·

268 4010 465 4074 aasalutifera
485 4010 682 4073 sacerdotum
704 4011 825 4073 monita
844 4009 1016 4072 noluerunt
1043 4010 1198 4072 revocari:
1229 4028 1365 4091 quorum
1394 4007 1517 4090 aliquos
1538 4009 1600 4070 ianr
1621 4009 1912 4070 excommunicavi-

305 4132 392 4189 mus,
414 4113 468 4176 sed
491 4112 536 4174 illi
558 4112 616 4175 boc
628 4111 888 4195 parvipendentes
909 4113 941 4173 in
958 4111 1079 4174 hisdem
1097 4110 1307 4194 perdurarunt
1318 4109 1512 4173 criminibus.
1554 4108 1766 4185 Quamobrem
1788 4109 1911 4172 vestra⁸

304 4215 450 4278 decernat
472 4214 695 4292 mansuetuda,
714 4214 791 4296 quid
813 4214 851 4276 de
872 4213 987 4276 talibus
1007 4212 1155 4295 deinceps
1176 4213 1334 4295 agendum
1358 4213 1406 4275 sit

406 4318 452 4380 1⁴2.
495 4314 653 4394 (XLIX.)
677 4316 880 4379 Admoncndi
908 4321 984 4378 sant
1012 4315 1131 4377 domini
1159 4314 1373 4392 subditorum,
1401 4320 1435 4377 ut
1461 4315 1543 4377 circa
1572 4334 1647 4376 suos
1669 4314 1718 4396 pie
1739 4321 1770 4375 et
1790 4313 1911 4374 miseri-

304 4417 439 4480 corditer
459 4424 554 4500 agant
587 4437 645 4481 nec
665 4437 719 4482 eos
740 4416 879 4500 qualibet
906 4418 1024 4479 iniusta
1049 4417 1212 4479 occasione
1238 4415 1470 4494 condempnent
1496 4434 1553 4479 nec
1582 4415 1613 4477 vi
1638 4415 1816 4497 opprimant
1852 4432 1910 4475 nec

267 4518 429 4584 ‹oillomm
452 4518 677 4582 substantiolas
707 4521 823 4582 Iniuste
849 4519 973 4597 tollant,
999 4538 1058 4581 nec
1086 4519 1153 4600 ipsa
1178 4517 1298 4596 debita,
1328 4537 1409 4600 quae
1439 4538 1457 4579 a
1484 4516 1618 4580 subditis
1648 4515 1804 4578 reddenda
1824 4526 1911 4592 sunt,

304 4621 398 4704 impie
420 4641 456 4683 ac
478 4620 646 4684 crudeliter
669 4623 843 4704 exigantur.

405 4726 451 4788 13.
494 4720 555 4805 (L)
576 4722 632 4800 Ut,
654 4724 680 4786 si
702 4743 766 4785 non
786 4724 999 4806 frequentius,
1023 4723 1069 4786 vel
1091 4731 1138 4785 ter
1157 4721 1228 4785 laici
1253 4722 1395 4784 homines
1417 4722 1449 4784 in
1471 4740 1554 4783 anuo
1576 4720 1826 4795 communicent,
1846 4718 1909 4780 nisi

303 4824 381 4888 forte
403 4826 476 4908 quis
496 4824 668 4887 maioribus
691 4824 885 4907 quibuslibet
906 4824 1095 4887 criminibus
1118 4825 1316 4907 impediatur.

407 4928 450 4991 14.
493 4926 1162 5010 (CapItnlacoriciliiArelatensis.
1199 4924 1375 5000 XVIIII.)
1429 4924 1469 4988 Ut
1499 4929 1643 5006 parentes
1670 4921 1751 4985 filios
1777 4940 1853 4984 suos
1879 4925 1910 4983 ct

267 5031 418 5113 upntrIni
440 5049 494 5092 eos
515 5049 596 5112 quos
617 5030 655 5092 de
673 5030 759 5093 fonte
782 5030 896 5092 lavacri
919 5030 1098 5112 suscipiant
1119 5027 1243 5090 erudire
1265 5045 1464 5109 summopere
1488 5025 1649 5089 studeant:
1675 5022 1737 5101 illl,
1759 5023 1834 5104 quia
1855 5040 1911 5084 eos

304 5140 485 5215 genuerunt
505 5142 535 5194 et
555 5133 601 5194 eis
621 5152 640 5195 a
662 5130 800 5196 Domino
821 5134 883 5196 dati
907 5140 995 5209 snnt3
1018 5133 1087 5208 isti,
1108 5133 1182 5212 quia
1202 5148 1258 5212 pro
1280 5129 1326 5191 eis
1347 5127 1547 5191 fideiussores
1568 5128 1717 5190 existant.

403 5340 432 5410 d)
455 5340 488 5392 In
496 5340 586 5392 Euan
597 5340 606 5393 i
615 5341 682 5408 finis
690 5349 728 5392 eat
728 5340 881 5408 fragmenti
887 5337 1068 5390 Morurcencia.
1133 5336 1159 5404 e)
1178 5336 1252 5389 credi
1262 5336 1329 5388 Ana.

405 5538 824 5613 dlCJr.cu1n·apep.186,c.3.
898 5537 1250 5608 blErrnnq.Iouna.6,l53.
1323 5536 1352 5605 6)
1377 5535 1586 5606 1.C0r.11,29.
1650 5535 1678 5588 Τ]
1701 5532 1910 5602 tuomum,

306 5640 366 5697 [ab.
426 5642 457 5713 8)
479 5643 663 5715 Imperatorum
