4380 6248
267 381 328 446 310
919 379 1145 438 HLUDOWICI
1170 381 1222 435 Pll

268 559 439 638 habemus,
465 568 502 624 ut
522 580 633 623 cruam
654 568 686 623 et
706 559 951 624 sollicitudinem
972 558 1121 636 habeant,
1148 559 1300 641 quatinus
1320 557 1545 641 unusquisque
1573 558 1631 640 qui
1656 563 1761 620 rector
1780 577 1801 618 a
1822 575 1873 619 no·

268 662 318 726 bis
338 664 445 747 populi
473 663 572 725 nostri
599 664 790 726 constitutus
815 668 863 725 est
888 663 920 724 in
947 680 1006 724 suo
1031 660 1139 723 ordine
1159 659 1300 723 officium
1320 659 1381 722 sibi
1409 661 1617 723 commissum
1645 660 1731 722 iuste
1755 677 1794 722 ac
1809 655 1874 722 Deo

268 764 380 848 placite
401 765 441 827 ad
462 765 614 828 honorem
642 772 787 828 nostrum
816 784 853 827 ac
879 764 986 847 populi
1014 764 1114 826 nostri
1135 762 1302 826 utilitatem
1334 762 1546 842 administret,
1572 762 1604 823 in
1633 760 1722 823 hrrnc
1747 759 1873 823 modum

269 867 476 949 cognoscendi
497 867 694 950 diligentiam
715 865 899 944 adhibeant,
919 867 946 928 si
969 884 1006 929 ea
1027 866 1162 947 quaein
1184 863 1350 946 capitulari
1371 868 1494 933 nostro.
1516 863 1602 946 quod
1619 863 1666 926 eis
1686 880 1773 925 anno
1792 880 1874 939 prae·

270 970 359 1032 terito
379 969 541 1048 dedimus,
562 969 776 1048 continentur,
798 968 974 1032 secundum
988 967 1183 1030 voluntatem
1195 964 1255 1028 Dei
1277 967 1498 1029 aciussionem
1519 970 1660 1028 nostram
1681 962 1761 1027 liant
1781 962 1874 1026 adim-
1895 992 1905 1031 a

269 1071 360 1154 pleta.
404 1069 516 1154 Itaque
538 1069 705 1148 solumne,
730 1078 767 1134 ut
786 1070 889 1134 medio
911 1087 1020 1133 mense
1041 1067 1124 1131 Maio
1144 1069 1335 1144 conveniant
1363 1067 1448 1130 idem
1468 1067 1572 1144 missi,
1598 1066 1827 1149 uuusquisque
1844 1067 1873 1129 in

271 1194 328 1236 sua
349 1172 521 1255 legatione,
540 1192 615 1236 cum
637 1171 786 1235 omnibus
805 1172 976 1256 episcopis,
998 1168 1179 1241 abbatibus,
1200 1168 1369 1232 comitibus
1390 1188 1427 1232 ac
1447 1169 1551 1231 vassis
1563 1169 1698 1243 nostris,
1719 1168 1874 1232 advocatis

271 1276 387 1338 nostris
408 1294 444 1337 ac
467 1275 674 1337 vicedominis
696 1274 927 1338 abbatissarum
949 1292 1074 1336 necnon
1095 1278 1257 1336 eteorum
1280 1272 1335 1355 qui
1354 1275 1480 1354 propter
1503 1270 1642 1354 aliquam
1664 1269 1874 1334 inevitabilem

273 1379 493 1441 necessitatem
514 1378 574 1460 ipsi
595 1378 704 1440 venire
724 1395 789 1439 non
810 1383 945 1459 possunt
959 1376 999 1439 ad
1017 1375 1122 1438 locum
1135 1394 1254 1452 unum;
1275 1380 1306 1437 et
1324 1374 1350 1436 si
1372 1392 1502 1438 necesse
1515 1373 1624 1452 fuerit,
1641 1380 1771 1458 propter
1791 1392 1875 1457 opor·

271 1481 440 1542 trinitatem
462 1477 685 1554 conveniendi,
705 1479 740 1540 in
761 1476 886 1541 duobus
907 1477 959 1540 vel
977 1477 1079 1541 tribus
1102 1476 1206 1557 locis,1
1230 1476 1280 1540 vel
1292 1477 1432 1540 maxime
1446 1482 1572 1561 propter
1584 1495 1742 1560 pauperes
1762 1475 1904 1560 populis

272 1581 355 1644 idem
374 1588 550 1643 conventus
569 1578 737 1657 habeatur,
758 1580 814 1662 qui
836 1578 985 1643 omnibus
1003 1588 1163 1662 congruat
1203 1578 1245 1642 Et
1259 1578 1372 1642 habeat
1385 1579 1609 1662 uuusquisque
1628 1596 1735 1642 comes
1748 1578 1876 1641 vicarios

272 1694 301 1746 et
323 1684 521 1746 centenarios
542 1702 618 1745 suos
638 1701 760 1760 secum,
790 1700 914 1745 necnon
934 1689 965 1745 et
985 1681 1024 1745 de
1044 1682 1155 1765 primis
1177 1680 1316 1745 scabinis
1337 1682 1405 1745 suis
1424 1687 1487 1745 tres
1508 1686 1565 1744 aut
1584 1687 1744 1764 quattuor.
1784 1676 1826 1743 m
1844 1679 1876 1743 iu

272 1804 308 1847 eo
330 1791 489 1848 conventu
509 1786 649 1868 primum
668 1783 857 1847 christanae
878 1783 1040 1867 religionis
1068 1790 1099 1846 et
1119 1784 1320 1847 ecclesiastici
1348 1783 1469 1846 ordinis
1496 1782 1631 1846 conlatio
1652 1781 1717 1846 fiat.
1759 1779 1877 1846 Deinde

271 1888 436 1969 inquirant
458 1887 547 1950 missi
568 1886 667 1949 nostri
696 1884 734 1947 ab
761 1886 934 1966 universis,
961 1885 1095 1967 qualiter
1119 1886 1343 1968 unusquisque
1370 1885 1498 1949 illorum
1527 1887 1583 1968 qui
1608 1885 1648 1949 ad
1669 1885 1731 1949 hoc
1751 1905 1771 1948 a
1790 1883 1876 1948 nobis

272 1990 435 2052 constituti
455 1993 530 2051 sunt
551 1987 692 2051 officium
712 1986 772 2050 sibi
792 1989 999 2051 commissum
1010 1987 1187 2051 seeundum
1199 1985 1258 2050 Dei
1273 1987 1467 2052 voluntatem
1488 2006 1525 2051 ac
1543 1989 1720 2052 iussionem
1740 1994 1906 2052 nostr-amu

272 2091 470 2153 administret
490 2089 523 2152 in
544 2088 678 2173 populo,
703 2096 759 2152 aut
784 2109 881 2172 quam
901 2089 1072 2152 concordes
1091 2095 1187 2173 atque
1214 2090 1383 2153 unanimes
1411 2090 1451 2153 ad
1476 2090 1536 2153 hoc
1561 2091 1639 2169 sint,
1663 2090 1717 2154 vel
1745 2088 1876 2172 qualiter

272 2193 412 2255 vicissim
433 2190 492 2254 sibi
513 2190 671 2254 atrxilium
690 2190 792 2254 ferant
810 2190 850 2254 ad
868 2192 1045 2254 ministeria
1064 2211 1122 2254 sua
1141 2191 1325 2275 peragenda
1365 2190 1407 2256 Et
1419 2199 1483 2255 tam
1494 2192 1661 2275 diligenter
1680 2210 1718 2255 ac
1740 2192 1875 2256 studiose

272 2295 352 2356 hanc
371 2295 646 2377 investigationem
668 2293 798 2373 faciant,
821 2299 856 2357 ut
877 2312 1003 2356 ornnem
1025 2295 1071 2357 rei
1090 2295 1253 2358 veritatem
1273 2313 1329 2378 per
1349 2312 1404 2357 eos
1419 2312 1608 2377 cognoscere
1628 2294 1801 2359 valeamus
1839 2294 1877 2358 Et

274 2397 300 2459 si
326 2394 433 2479 aliqua
461 2394 533 2459 talis
562 2414 658 2459 causa
686 2395 724 2457 ad
751 2414 862 2459 eorum
889 2396 1032 2458 notitiam
1060 2395 1179 2479 perlata
1204 2395 1299 2460 fuerit
1326 2414 1408 2479 quae
1434 2396 1561 2460 illorum
1592 2396 1714 2461 auxilio
1741 2398 1876 2481 indigeat

273 2497 450 2561 secundum
471 2498 638 2580 qualitates
660 2515 828 2560 causarum
854 2498 990 2580 quaein
1011 2504 1118 2561 nostro
1141 2498 1304 2582 capitulari
1325 2499 1543 2579 continentur,
1573 2505 1651 2562 tunc
1673 2499 1824 2564 volumus
1842 2507 1914 2564 uta

176 2595 178 2599 ’
273 2599 350 2662 illuc
370 2600 522 2683 pergant2
542 2605 573 2662 et
593 2617 634 2662 ex
653 2600 964 2663 nostraauctoritate
985 2599 1064 2663 illud
1083 2602 1239 2683 corrigere
1261 2600 1418 2664 studeant.

380 2880 407 2949 1)
416 2957 418 2960 Α
428 2880 487 2950 Qsr.
497 2882 757 2933 commemorationis
764 2898 833 2951 quac
841 2883 974 2935 anmccdit
981 2899 1039 2953 cap.
1049 2881 1067 2935 2
1077 2883 1162 2935 ina'tio.
1204 2881 1234 2951 2)
1252 2882 1382 2936 &naliter
1391 2884 1420 2936 in
1427 2885 1521 2937 codem
1529 2902 1589 2955 cap.
1598 2886 1718 2937 meando
1725 2884 1844 2953 malfiae.

447 3657 541 3761 153.
582 3653 972 3764 CAPITULA
1020 3654 1067 3762 E
1112 3655 1314 3765 LEGE
1364 3655 1704 3767 ROMANA

867 3822 1283 3933 EXOERPTA.

1026 3996 1130 4077 aab?
1893 4052 1918 4092 a

379 4174 563 4276 [inceptans
583 4192 654 4275 apsa
676 4190 776 4253 audit
793 4192 809 4270 (
807 4191 857 4253 lib.
869 4192 916 4271 II,
929 4216 955 4254 c.
967 4193 1016 4256 29.
1029 4193 1097 4273 30),
1123 4216 1203 4277 qtaoe
1218 4192 1363 4256 desumto
1379 4205 1457 4258 sant
1469 4217 1485 4258 e
1497 4194 1676 4258 Imtinabm‘
1688 4193 1880 4258 novellarum

277 4301 406 4384 epitome
432 4323 453 4360 n
473 4297 602 4361 Inlzbno
627 4310 819 4362 antecessore
845 4298 1188 4379 Constantinopolitano
1210 4299 1368 4382 confecta,
1399 4302 1435 4365 in
1459 4325 1523 4387 qam
1548 4300 1694 4388 legantur
1720 4313 1879 4388 tamquarm

277 4402 507 4465 constitutionis
526 4402 677 4484 sceptrinae
701 4402 808 4484 capita
830 4402 972 4484 primum
993 4413 1022 4464 et
1041 4402 1214 4466 oecuadnm
1234 4401 1297 4482 vel,
1326 4390 1363 4465 ut
1388 4405 1422 4467 in
1448 4403 1524 4467 alt'sb
1543 4403 1671 4467 Iniabni
1692 4403 1883 4468 adimbuta-2

277 4504 494 4589 dabbitpuitar,
515 4503 674 4586 capitibus
685 4503 725 4567 32
740 4515 769 4565 et
780 4503 829 4567 33.

380 4605 456 4669 Cana
479 4605 587 4688 capita
609 4605 649 4666 ab
669 4604 824 4689 Anscyiso
844 4606 879 4668 in
899 4604 1013 4669 libram
1033 4630 1125 4669 snum
1147 4605 1334 4693 leya'loqnaaa
1354 4619 1478 4693 recepta
1498 4609 1572 4689 aciat,
1591 4631 1654 4671 non
1676 4622 1797 4673 certam
1816 4612 1882 4695 qui·
1893 4637 1919 4677 aa
1987 4640 1994 4649 ·

278 4707 357 4786 dnn,
379 4719 482 4770 tannen
503 4707 583 4768 satis
605 4705 772 4770 remittite
793 4719 847 4788 eat,
868 4709 941 4792 abac
960 4732 1015 4771 seu
1029 4709 1069 4771 ab
1085 4710 1271 4793 imperatore
1290 4733 1347 4774 seu
1366 4711 1401 4773 in
1421 4710 1551 4774 concilio
1570 4709 1707 4796 prodam
1728 4734 1798 4775 esse
1810 4732 1883 4796 pro-

277 4809 428 4894 mulgata,
451 4832 521 4870 mam
539 4810 727 4892 procamiet
750 4811 819 4872 abari
835 4809 1043 4873 ecclesiastcbo
1069 4811 1102 4872 in
1122 4810 1318 4876 Francorum
1343 4835 1437 4896 regno
1456 4814 1577 4898 arpenb'
1590 4825 1800 4878 ammentum
1818 4814 1885 4878 sab!

278 4913 359 4974 etin
381 4934 533 4974 cationum
555 4909 786 4974 collaetabatur
807 4912 1037 4996 postmbaabus
1059 4936 1154 4998 saepe
1181 4926 1354 4977 recenant.
1397 4914 1549 5000 Reapoeto
1575 4914 1640 4978 Ioco
1664 4938 1753 5000 quera
1775 4916 1882 5001 capim

278 5012 369 5096 apud
387 5013 579 5096 :incepissem
601 5013 747 5094 obtinent,
767 5037 849 5077 anno
868 5014 938 5096 fere
959 5016 1018 5080 826
1038 5039 1076 5079 ea
1095 5013 1242 5078 adscribi
1252 5029 1398 5101 possunt.

1158 5117 1212 5193 (B.
1232 5118 1325 5202 npad
1342 5118 1474 5204 Aaaacp.,·
1497 5118 1534 5182 P.
1547 5118 1658 5199 1353,
1676 5143 1703 5183 c.
1717 5122 1745 5185 1.
1757 5120 1804 5197 2.)
1892 5138 1994 5187 ι’

379 5272 500 5382 Nulla
522 5319 580 5384 sub
607 5319 751 5384 Romana
779 5319 896 5382 ditione
925 5320 1095 5383 constituta
1120 5319 1251 5383 ecclesia
1278 5319 1329 5383 vel
1355 5319 1608 5385 exenodochium
1628 5319 1681 5385 vel
1707 5321 1881 5405 ptochotro-

277 5420 388 5504 phium
409 5420 461 5484 vel
485 5422 724 5486 nosochomium
750 5421 801 5485 vel
819 5421 1119 5506 orphanotrophium
1145 5420 1195 5484 vel
1215 5421 1509 5504 gerontochomium
1528 5421 1581 5486 vel
1600 5420 1878 5507 brephotrophium

278 5522 329 5587 vel
348 5524 577 5587 monasterium
596 5530 660 5586 tam
681 5524 907 5588 monachorum
929 5543 1026 5606 quam
1053 5522 1358 5603 sanctimonialium,
1385 5523 1664 5589 amhimandritam
1688 5522 1811 5589 habeus
1828 5520 1878 5587 vd

278 5624 601 5690 archimandritissam
620 5660 661 5669 —
681 5644 755 5709 ergo
776 5624 985 5691 hisomnibus
999 5645 1070 5689 non
1086 5625 1178 5691 liceat
1197 5624 1336 5689 ahenam
1350 5644 1421 5691 rem
1438 5625 1636 5691 immobilem
1654 5626 1723 5693 siva
1737 5624 1876 5707 domun,
