4380 6248
726 365 776 420 ET
796 362 1011 419 HLOTHARll
1031 362 1299 421 CAPITULARIA
1324 362 1501 418 all-827.
1865 361 1926 427 363

307 540 384 625 quio
406 538 549 602 Pcrtza‘ue
570 540 642 622 ipae
660 538 747 619 falso
763 525 826 624 pro
842 538 1027 602 Hludawa‘ca‘
1041 538 1178 605 secundi
1194 538 1372 623 capitulari
1388 539 1497 602 italico
1519 563 1534 602 e
1554 539 1659 604 codice
1674 538 1922 625 Guelferbytano

308 641 411 704 edidit
429 653 458 705 et
477 664 561 703 anno
573 643 634 706 856
654 640 838 725 adsmpaa't.

1434 744 1489 817 (B.
1511 743 1613 824 (ἱερεῖς
1641 743 1678 806 Ρ.
1695 744 1722 825 Ι,
1737 745 1822 823 439.)

410 866 536 976 Primo
557 916 702 978 omnium
724 914 922 978 discutienda
942 920 990 977 θεῖ
1009 913 1208 978 sacerdotum
1222 912 1313 989 fides,
1334 914 1471 996 qualiter
1492 913 1622 978 credant
1641 920 1672 977 et
1694 913 1773 977 alios
1794 914 1921 979 credere

284 1014 455 1092 edoceant,
478 1015 533 1079 ubi
555 1026 586 1080 et
606 1016 751 1100 exempla
773 1017 976 1101 proponenda
998 1026 1086 1094 sunt,
1112 1024 1271 1099 quatenus
1292 1037 1310 1079 a
1331 1023 1476 1080 creatura
1500 1023 1621 1080 creator
1640 1015 1924 1099 quantulumcum-

309 1136 372 1200 que
393 1120 491 1202 possit
511 1118 662 1202 intellegi.

409 1224 436 1284 2.
478 1219 624 1284 Secundo
646 1220 839 1295 iubendum,
861 1226 898 1284 ut
918 1222 1016 1284 oratio
1036 1220 1195 1284 dominica
1213 1222 1246 1284 in
1260 1241 1324 1304 qua
1342 1221 1450 1283 omnia
1462 1221 1640 1283 necessaria
1660 1221 1818 1284 humanae
1839 1222 1922 1284 vitae

308 1322 620 1406 comprehenduntur
640 1331 671 1386 et
692 1322 875 1404 symbolum
895 1323 1110 1407 apostolorum
1131 1325 1165 1386 in
1187 1343 1251 1407 quo
1272 1322 1351 1387 fides
1362 1322 1515 1386 catholica
1535 1341 1577 1385 ex
1587 1323 1709 1405 integro
1729 1322 1923 1406 conprehen-

309 1424 396 1497 ditur
414 1424 455 1488 ab
476 1425 627 1488 omnibus
647 1425 804 1505 discatur,
835 1433 900 1489 tam
922 1427 1019 1489 latine
1040 1446 1136 1509 quam
1168 1425 1347 1506 barbarice,
1378 1433 1414 1488 ut
1435 1425 1521 1508 quod
1543 1443 1597 1488 ore
1624 1423 1811 1508 profitentur
1829 1424 1922 1487 corde

270 1526 454 1590 rocredatur
475 1534 505 1590 et
526 1526 736 1611 intellegatur.

409 1633 437 1690 3.
477 1628 580 1692 Tertio
601 1630 827 1711 intimandum,
849 1638 885 1694 ut
905 1631 944 1694 ad
965 1632 1171 1695 salutationes
1189 1630 1397 1694 sacerdotales
1408 1648 1548 1712 congrue
1560 1630 1781 1713 responsiones
1800 1628 1925 1692 discan-

309 1741 379 1803 tur,
409 1731 465 1795 ubi
490 1750 556 1794 non
578 1731 682 1796 solum
702 1732 807 1796 cleriei
829 1740 860 1796 et
879 1730 946 1796 Deo
968 1732 1089 1796 dicatae
1116 1733 1269 1796 sacerdoti
1289 1734 1530 1817 responsionem
1555 1731 1705 1811 offerant,
1733 1731 1788 1795 sed
1816 1732 1921 1795 omnis

309 1831 398 1915 plebs
418 1833 531 1896 devota
551 1852 693 1896 consona
713 1853 791 1898 voce
810 1834 1004 1918 respondere
1026 1834 1126 1899 debet.

408 1936 436 1999 4.
478 1934 611 2013 Quarto,
637 1942 673 2000 ut
698 1935 777 2000 fides
798 1938 898 2000 sancti
920 1937 1086 2000 Athanasii
1107 1956 1126 1999 a
1146 1935 1360 1999 sacerdotibus
1383 1935 1537 2016 discatur,
1567 1942 1598 1999 et
1626 1953 1667 1998 ex
1694 1935 1788 1999 corde
1814 1937 1923 1999 omui·

269 2061 297 2100 ιε
309 2036 485 2100 dominica·
504 2037 544 2100 ad
564 2037 675 2101 horam
695 2039 831 2121 primam
853 2040 1008 2102 recitetur.

407 2142 436 2204 b.
480 2138 614 2221 Quinte,
635 2148 672 2204 ut
693 2142 794 2204 sciant
814 2140 891 2223 quid
913 2142 953 2203 sit
974 2148 1207 2204 sacramentum
1217 2139 1420 2223 baptismatis
1440 2145 1472 2204 et
1491 2139 1754 2220 confirmationis,
1774 2147 1806 2205 et
1826 2141 1920 2223 quale

310 2242 350 2304 sit
376 2234 564 2322 mysterium
593 2243 732 2325 corporis
761 2249 793 2305 et
821 2243 986 2325 sanguinis
1011 2240 1157 2321 Domini,
1191 2241 1349 2325 quomodo
1385 2243 1417 2304 in
1451 2242 1569 2306 eisdem
1599 2245 1760 2324 mysteriis
1787 2241 1920 2306 visibilis

309 2350 452 2406 ereatura
473 2344 610 2422 videtur,
631 2351 663 2407 et
684 2351 790 2407 tamen
811 2343 980 2407 invisibilis
1002 2344 1089 2408 salus
1110 2344 1150 2406 ad
1164 2346 1382 2407 aeternitatem
1406 2346 1531 2408 animae
1544 2344 1817 2424 subministratur,
1838 2363 1921 2427 quae

311 2446 341 2508 in
364 2446 432 2510 sola
451 2444 513 2509 fide
535 2448 723 2510 continetur.

270 2575 298 2611 ευ
411 2550 437 2613 6.
479 2548 591 2629 Sextc,
625 2568 706 2632 quae
735 2551 812 2634 ipsis
834 2550 1049 2614 sacerdotibus
1072 2551 1249 2613 necessaria
1278 2549 1414 2613 suntad
1443 2550 1659 2630 discendum,¹
1688 2550 1791 2614 idest
1817 2569 1919 2613 sacra-

309 2651 515 2729 mentarium,
536 2650 755 2732 lectionarius,
776 2654 1003 2731 antifonariuS,
1025 2651 1261 2735 baptisterium,
1279 2657 1460 2735 compotus,
1481 2671 1583 2715 canon
1600 2652 1821 2735 penitentialis,
1839 2651 1921 2735 psal·

309 2754 439 2826 terium,
462 2752 616 2818 homeliae
635 2773 692 2837 per
710 2756 865 2819 circulum
877 2755 953 2817 anni
971 2753 1139 2817 dominicis
1160 2753 1272 2818 diebus
1293 2760 1324 2817 θῖ
1338 2752 1473 2836 singulis
1487 2752 1712 2817 festivitatibus
1733 2760 1829 2836 aptae.
1870 2752 1921 2816 Er

310 2856 428 2939 quibus
448 2857 598 2921 omnibus
625 2858 652 2920 si
681 2877 784 2920 unum
811 2856 959 2936 desuerit,
986 2856 1158 2920 sacerdotis
1183 2874 1301 2920 nomeu
1322 2858 1377 2919 vix
1406 2858 1440 2918 in
1460 2874 1497 2918 eo
1528 2853 1699 2918 constabit:
1729 2856 1805 2938 quia
1832 2855 1923 2920 valde

310 2959 483 3041 periculose
510 2967 586 3022 sunt
614 2957 816 3040 euangelicae
842 2959 948 3020 minae
977 2957 1096 3040 quibus
1117 2957 1246 3022 dicitur:
1277 2958 1343 3022 ‘si2
1363 2977 1458 3021 cecus
1483 2976 1576 3021 caeco
1601 2957 1753 3022 ducatum
1778 2964 1924 3042 praestet,

271 3059 403 3123 asambo
424 3061 459 3122 in
479 3060 603 3123 ioveam
625 3057 761 3123 cadunt’

411 3163 437 3225 7.
479 3161 633 3259 Septimo,
662 3168 698 3225 ut
719 3163 820 3225 sciant
841 3172 984 3245 tempora
1003 3164 1143 3246 legitima
1169 3163 1209 3226 ad
1236 3161 1462 3246 baptizandum
1484 3162 1517 3224 in
1539 3181 1636 3243 anna,
1665 3164 1695 3226 ld
1723 3168 1771 3225 est
1790 3160 1921 3225 sabbato

310 3271 435 3327 sanctae
465 3264 611 3347 paschae,
640 3271 676 3328 ut
694 3264 747 3327 illa
767 3266 890 3328 trianab
917 3267 1031 3329 mersio
1058 3268 1092 3329 iu
1118 3266 1307 3350 baptismate
1331 3266 1474 3329 imitetur
1498 3265 1678 3329 triduanam
1705 3272 1838 3329 mortem
1859 3263 1925 3328 Do·

309 3366 389 3429 mini
410 3365 611 3430 clarificatam
633 3369 879 3446 resurrectione,
901 3377 932 3431 et
953 3368 1068 3431 idcirce
1081 3387 1185 3451 usque
1200 3368 1240 3430 ad
1254 3373 1403 3431 octavum
1423 3367 1508 3431 diem
1529 3367 1597 3450 ipsa
1619 3367 1813 3448 regeneratio
1835 3385 1924 3429 sacra

311 3467 350 3530 ab
370 3470 459 3531 omni
479 3469 596 3552 populo
622 3469 793 3533 christiano
820 3470 1004 3534 celebratur.
1055 3470 1153 3534 Aliud
1177 3489 1252 3534 vero
1279 3477 1405 3553 tempus
1432 3468 1630 3552 baptismatis
1656 3467 1786 3532 sabbato
1815 3474 1923 3532 sancto

272 3577 510 3654 aopentecosten
534 3570 758 3636 celebrandum
779 3579 834 3636 est.
877 3572 910 3637 Si
934 3592 1009 3636 vero
1030 3575 1201 3637 necessitas
1222 3573 1404 3654 contigerit,
1423 3572 1664 3654 omnitempore
1685 3572 1739 3634 in⁰
1763 3571 1924 3655 periculo⁶

312 3672 566 3736 subveniendum
588 3681 649 3747 est,
680 3675 755 3757 quia
775 3677 948 3739 necessitas
969 3677 1025 3737 vix
1046 3674 1140 3739 habet
1161 3674 1271 3758 legem.
1313 3673 1354 3736 Et
1383 3681 1417 3737 ut
1442 3693 1498 3736 vas
1522 3673 1561 3736 ad
1582 3673 1703 3737 fontem
1724 3673 1921 3756 baptismatis

311 3773 459 3850 habeant,
480 3776 565 3858 quod
583 3775 623 3838 ad
643 3777 783 3859 reliquos
805 3797 885 3841 usus
905 3778 1088 3842 nullatenus
1110 3784 1300 3841 assumatur.

411 3879 438 3943 8.
481 3875 599 3940 Octavo
617 3879 889 3961 pronuntiandum
911 3889 971 3958 est,
999 3887 1036 3943 ut
1055 3881 1157 3943 sciant
1176 3885 1318 3963 tempora
1337 3878 1471 3942 feriandi
1492 3897 1705 3962 perannum,
1731 3878 1763 3940 id
1785 3883 1834 3941 θεῖ
1853 3895 1924 3940 om-

312 3998 385 4042 nem
406 3979 597 4042 dominicam
619 4000 638 4043 a
662 3999 756 4045 mane
782 4001 886 4065 usque
907 3982 946 4045 ad
970 4001 1134 4066 vesperam
1155 3982 1196 4045 ob
1216 3983 1455 4046 venerationem
1480 3980 1657 4044 dominicae
1676 3979 1925 4044 resurrectionis.

275 4079 486 4145 aaSabbatum
514 4099 588 4145 vero
616 4084 812 4166 operandum
848 4105 867 4146 a
895 4104 988 4148 mane
1013 4103 1116 4166 usque
1144 4083 1182 4147 ad
1211 4102 1389 4167 vesperam,
1423 4103 1464 4146 ue
1496 4084 1529 4145 in
1562 4083 1719 4145 iudaismo
1750 4080 1924 4163 capiantur.

312 4181 458 4246 Feriandi
479 4203 554 4248 vero
575 4205 771 4268 perannum
793 4189 845 4250 isti
866 4192 942 4251 sunt
963 4187 1030 4250 dies
1039 4186 1061 4263 ,³
1084 4194 1120 4249 ut
1147 4206 1243 4269 supra
1273 4187 1336 4248 orsi
1363 4204 1492 4248 sumus:
1518 4184 1631 4248 natalis
1652 4181 1795 4260 Domini,
1822 4180 1923 4245 sancti

313 4284 478 4368 Stephani,
501 4288 601 4350 sancti
623 4287 775 4352 Iohannis
797 4290 1022 4372 euangelistae,
1042 4287 1273 4370 Innocentum,
1302 4294 1412 4351 octava
1433 4284 1579 4367 Domini,
1607 4285 1809 4369 theophania,
1834 4283 1924 4366 puri·

313 4385 416 4451 ficatio
438 4395 564 4451 sanctae
585 4388 716 4466 Mariae,
737 4397 883 4454 sanctum
904 4391 1053 4474 paschae,
1080 4392 1163 4454 sicut
1183 4392 1216 4453 in
1237 4391 1399 4473 superiore
1420 4389 1558 4472 capitulo
1581 4387 1843 4470 comprehensum
1867 4390 1925 4464 est,

313 4491 512 4572 rogationes⁴
533 4490 636 4554 tribus
659 4491 785 4571 diebus,
812 4495 955 4556 ascensio
977 4491 1121 4571 Domini,
1150 4491 1317 4556 sabbatum
1339 4498 1484 4555 sanctum
1507 4498 1724 4575 pentecosten,
1750 4487 1850 4550 sancti
1873 4485 1925 4549 Io·

275 4590 429 4655 iohannis
447 4591 616 4676 baptistae,
636 4593 802 4657 duodecim
824 4595 1053 4677 apostolorum,
1079 4595 1219 4657 maxime
1240 4601 1347 4657 tamen
1369 4599 1551 4658 sanctorum
1573 4592 1657 4655 Petri
1679 4598 1711 4654 et
1731 4588 1840 4668 Pauli,
1863 4587 1922 4670 qui

312 4691 473 4776 Europam
496 4714 556 4758 sua
577 4696 808 4778 praedicatione
826 4696 1113 4767 inluminaverunt,
1132 4698 1307 4779 assumptio
1328 4703 1455 4759 sanctae
1474 4694 1606 4772 Mariae,
1625 4691 1800 4757 dedicatio‘l
1822 4689 1924 4753 sancti

314 4796 492 4880 archangeli
512 4795 712 4877 Michabelis,
731 4798 885 4862 dedicatio
905 4800 1139 4880 cuiuscumque
1161 4800 1286 4861 oratorii
1310 4817 1368 4861 seu
1387 4797 1558 4861 cuiuslibet
1576 4797 1676 4860 saneti
1698 4797 1732 4857 in
1753 4794 1847 4857 cuius
1867 4791 1924 4853 ho·

314 4915 390 4961 nore
400 4898 509 4963 eadem
529 4899 680 4963 ecclaesia
700 4900 833 4964 lundata
846 4907 910 4979 est,
932 4902 1016 4984 quod
1028 4900 1141 4962 vicinis
1153 4907 1275 4963 tantum
1291 4902 1411 4964 circum
1429 4897 1698 4962 commorantibus
1718 4893 1923 4958 indicendum

314 5007 373 5078 est,
392 5020 456 5063 non
477 5001 666 5084 generaliter
687 5001 845 5065 omnibus.
887 5001 1047 5065 Indietum
1072 5021 1147 5065 vero
1167 5001 1324 5065 ieiunium
1347 5002 1474 5084 quaudo
1502 5021 1521 5063 a
1541 4999 1680 5084 palatio⁵
1701 4997 1752 5060 vel
1774 5017 1792 5058 a
1814 4994 1924 5057 domo·

274 5238 302 5279 45
414 5205 442 5274 al
460 5208 506 5262 die
514 5209 655 5265 dominico
664 5211 767 5264 Menai.
838 5211 868 5279 b)
889 5212 1019 5266 triduana
1030 5230 1053 5264 c.
1063 5211 1165 5264 aune.
1235 5208 1262 5282 e)
1283 5214 1379 5264 &marat
1388 5210 1492 5263 Mernai.
1553 5209 1583 5276 d)
1602 5206 1734 5263 basilicae
1743 5206 1810 5258 add.
1820 5203 1925 5256 Menai.

313 5286 340 5358 θ)
361 5287 997 5361 Lepercdemeaeeadomno(apostolico)mouet
1006 5292 1307 5358 Dacheriua,viicreetc.

415 5487 445 5561 1)
468 5489 777 5564 Csr.euprapay.‘235.
820 5491 1084 5563 2)Matta.15,1e
1134 5493 1164 5565 3)
1188 5493 1343 5565 Cfr.aapra
1352 5511 1419 5564 pap.
1430 5491 1497 5559 179,
1511 5488 1842 5556 e.19;coacil.Moquat.
1853 5485 1922 5554 813,

307 5566 593 5724 ἓθῖἔαέαιῖίὲαῖὶ
601 5571 700 5706 234'193.)
743 5571 773 5641 4)
794 5573 910 5625 Laena
918 5573 1016 5640 maior,
1029 5571 1538 5629 atdmaaaneaaceneionenoomlai.
1581 5568 1611 5640 5)
1629 5568 1780 5640 Csraeiepm
1790 5564 1924 5638 pap.52;

369 5688 377 5704 ·
446 5689 486 5721 a·
516 5692 525 5723 a
593 5691 600 5706 ·
670 5693 676 5707 ·
