<?xml version="1.0" encoding="UTF-8"?>
<!DOCTYPE html PUBLIC "-//W3C//DTD XHTML 1.0 Transitional//EN"
    "http://www.w3.org/TR/xhtml1/DTD/xhtml1-transitional.dtd">
<html xmlns="http://www.w3.org/1999/xhtml" xml:lang="en" lang="en">
 <head>
  <title>
</title>
<meta http-equiv="Content-Type" content="text/html;charset=utf-8" />
  <meta name='ocr-system' content='tesseract 3.04.00' />
  <meta name='ocr-capabilities' content='ocr_page ocr_carea ocr_par ocr_line ocrx_word'/>
</head>
<body>
  <div class='ocr_page' id='page_1' title='image "./monumentagerman00goog_0347.png"; bbox 0 0 4380 6248; ppageno 0'>
   <div class='ocr_carea' id='block_1_1' title="bbox 264 371 1189 436">
    <p class='ocr_par' dir='ltr' id='par_1_1' title="bbox 264 371 1189 436">
     <span class='ocr_line' id='line_1_1' title="bbox 264 371 1189 436; baseline 0.005 -13"><span class='ocrx_word' id='word_1_1' title='bbox 264 371 337 436; x_wconf 70' lang='lat'>2330</span> <span class='ocrx_word' id='word_1_2' title='bbox 974 373 1189 428; x_wconf 74' lang='lat' dir='ltr'>IlLO&#39;l&#39;HARll</span> 
     </span>
    </p>
   </div>
   <div class='ocr_carea' id='block_1_2' title="bbox 260 546 1970 2268">
    <p class='ocr_par' dir='ltr' id='par_1_2' title="bbox 276 546 1886 838">
     <span class='ocr_line' id='line_1_2' title="bbox 276 546 1884 633; baseline 0 -21"><span class='ocrx_word' id='word_1_3' title='bbox 276 550 404 613; x_wconf 84' lang='lat' dir='ltr'>videtur·</span> <span class='ocrx_word' id='word_1_4' title='bbox 431 550 622 613; x_wconf 89' lang='lat' dir='ltr'>adiutorium</span> <span class='ocrx_word' id='word_1_5' title='bbox 650 549 821 633; x_wconf 89' lang='lat' dir='ltr'>praebeant</span> <span class='ocrx_word' id='word_1_6' title='bbox 848 548 887 611; x_wconf 88' lang='lat' dir='ltr'>ad</span> <span class='ocrx_word' id='word_1_7' title='bbox 917 554 1062 612; x_wconf 88' lang='lat' dir='ltr'>nostrum</span> <span class='ocrx_word' id='word_1_8' title='bbox 1091 550 1261 613; x_wconf 84' lang='lat' dir='ltr'>servicium</span> <span class='ocrx_word' id='word_1_9' title='bbox 1290 550 1479 614; x_wconf 84' lang='lat' dir='ltr'>laciendum.</span> <span class='ocrx_word' id='word_1_10' title='bbox 1528 546 1576 612; x_wconf 89' lang='lat' dir='ltr'>De</span> <span class='ocrx_word' id='word_1_11' title='bbox 1604 549 1653 612; x_wconf 89' lang='lat' dir='ltr'>his</span> <span class='ocrx_word' id='word_1_12' title='bbox 1680 566 1809 632; x_wconf 86' lang='lat' dir='ltr'>quoque</span> <span class='ocrx_word' id='word_1_13' title='bbox 1834 549 1884 631; x_wconf 91' lang='lat' dir='ltr'>qui</span> 
     </span>
     <span class='ocr_line' id='line_1_3' title="bbox 276 651 1886 736; baseline -0.001 -22"><span class='ocrx_word' id='word_1_14' title='bbox 276 658 402 736; x_wconf 90' lang='lat' dir='ltr'>propter</span> <span class='ocrx_word' id='word_1_15' title='bbox 428 653 561 715; x_wconf 87' lang='lat' dir='ltr'><strong>nimiam</strong></span> <span class='ocrx_word' id='word_1_16' title='bbox 589 657 805 736; x_wconf 69' lang='lat' dir='ltr'>paupertatem</span> <span class='ocrx_word' id='word_1_17' title='bbox 834 669 938 732; x_wconf 90' lang='lat' dir='ltr'>neque</span> <span class='ocrx_word' id='word_1_18' title='bbox 966 669 1083 733; x_wconf 90' lang='lat' dir='ltr'>perse</span> <span class='ocrx_word' id='word_1_19' title='bbox 1114 651 1237 715; x_wconf 86' lang='lat' dir='ltr'>hostem</span> <span class='ocrx_word' id='word_1_20' title='bbox 1265 651 1367 716; x_wconf 85' lang='lat' dir='ltr'>facere</span> <span class='ocrx_word' id='word_1_21' title='bbox 1401 671 1506 734; x_wconf 90' lang='lat' dir='ltr'>neque</span> <span class='ocrx_word' id='word_1_22' title='bbox 1534 651 1729 714; x_wconf 90' lang='lat' dir='ltr'>adiutorium</span> <span class='ocrx_word' id='word_1_23' title='bbox 1754 658 1886 734; x_wconf 84' lang='lat' dir='ltr'>prestare</span> 
     </span>
     <span class='ocr_line' id='line_1_4' title="bbox 277 752 1287 838; baseline 0.001 -21"><span class='ocrx_word' id='word_1_24' title='bbox 277 762 426 838; x_wconf 86' lang='lat' dir='ltr'>possunt,</span> <span class='ocrx_word' id='word_1_25' title='bbox 446 760 675 818; x_wconf 74' lang='lat' dir='ltr'><strong>conserventur</strong></span> <span class='ocrx_word' id='word_1_26' title='bbox 697 752 885 837; x_wconf 80' lang='lat' dir='ltr'>quousqued</span> <span class='ocrx_word' id='word_1_27' title='bbox 906 752 1031 815; x_wconf 88' lang='lat' dir='ltr'>valeant</span> <span class='ocrx_word' id='word_1_28' title='bbox 1050 755 1287 837; x_wconf 78' lang='lat' dir='ltr'>recuperare.dl</span> 
     </span>
    </p>

    <p class='ocr_par' dir='ltr' id='par_1_3' title="bbox 276 854 1921 1449">
     <span class='ocr_line' id='line_1_5' title="bbox 384 854 1887 940; baseline -0.002 -19"><span class='ocrx_word' id='word_1_29' title='bbox 384 860 431 921; x_wconf 70' lang='lat'>2⁰</span> <span class='ocrx_word' id='word_1_30' title='bbox 472 856 579 920; x_wconf 81' lang='lat' dir='ltr'>Placet</span> <span class='ocrx_word' id='word_1_31' title='bbox 596 856 702 934; x_wconf 91' lang='lat' dir='ltr'>nobis,</span> <span class='ocrx_word' id='word_1_32' title='bbox 725 861 760 918; x_wconf 90' lang='lat' dir='ltr'>ut</span> <span class='ocrx_word' id='word_1_33' title='bbox 781 854 872 918; x_wconf 90' lang='lat' dir='ltr'>liberi</span> <span class='ocrx_word' id='word_1_34' title='bbox 886 854 1046 932; x_wconf 90' lang='lat' dir='ltr'>homines,</span> <span class='ocrx_word' id='word_1_35' title='bbox 1067 855 1122 938; x_wconf 91' lang='lat' dir='ltr'>qui</span> <span class='ocrx_word' id='word_1_36' title='bbox 1143 875 1208 919; x_wconf 91' lang='lat' dir='ltr'>non</span> <span class='ocrx_word' id='word_1_37' title='bbox 1220 863 1346 940; x_wconf 88' lang='lat' dir='ltr'>propter</span> <span class='ocrx_word' id='word_1_38' title='bbox 1358 862 1573 939; x_wconf 75' lang='lat' dir='ltr'>paupertatem</span> <span class='ocrx_word' id='word_1_39' title='bbox 1594 855 1648 919; x_wconf 89' lang='lat' dir='ltr'>sed</span> <span class='ocrx_word' id='word_1_40' title='bbox 1668 854 1709 918; x_wconf 95' lang='lat' dir='ltr'>ob</span> <span class='ocrx_word' id='word_1_41' title='bbox 1730 854 1887 919; x_wconf 72' lang='lat' dir='ltr'>vitandam</span> 
     </span>
     <span class='ocr_line' id='line_1_6' title="bbox 279 956 1921 1043; baseline -0.003 -20"><span class='ocrx_word' id='word_1_42' title='bbox 279 960 470 1043; x_wconf 89' lang='lat' dir='ltr'>reipublicae</span> <span class='ocrx_word' id='word_1_43' title='bbox 492 959 659 1022; x_wconf 79' lang='lat' dir='ltr'>utilitatem</span> <span class='ocrx_word' id='word_1_44' title='bbox 680 957 894 1021; x_wconf 87' lang='lat' dir='ltr'>fraudolenter</span> <span class='ocrx_word' id='word_1_45' title='bbox 919 976 955 1020; x_wconf 88' lang='lat' dir='ltr'>ac</span> <span class='ocrx_word' id='word_1_46' title='bbox 982 958 1147 1040; x_wconf 85' lang='lat' dir='ltr'>ingeniose</span> <span class='ocrx_word' id='word_1_47' title='bbox 1171 977 1222 1022; x_wconf 90' lang='lat' dir='ltr'>res</span> <span class='ocrx_word' id='word_1_48' title='bbox 1249 978 1324 1022; x_wconf 89' lang='lat' dir='ltr'>suas</span> <span class='ocrx_word' id='word_1_49' title='bbox 1349 957 1490 1022; x_wconf 87' lang='lat' dir='ltr'>ecclesiis</span> <span class='ocrx_word' id='word_1_50' title='bbox 1514 956 1676 1041; x_wconf 75' lang='lat' dir='ltr'>delegmt‘</span> <span class='ocrx_word' id='word_1_51' title='bbox 1702 977 1821 1041; x_wconf 87' lang='lat' dir='ltr'>easque</span> <span class='ocrx_word' id='word_1_52' title='bbox 1839 957 1921 1022; x_wconf 78' lang='lat' dir='ltr'>des</span> 
     </span>
     <span class='ocr_line' id='line_1_7' title="bbox 278 1059 1890 1144; baseline -0.001 -19"><span class='ocrx_word' id='word_1_53' title='bbox 278 1083 344 1126; x_wconf 92' lang='lat' dir='ltr'>nno</span> <span class='ocrx_word' id='word_1_54' title='bbox 366 1062 426 1125; x_wconf 90' lang='lat' dir='ltr'>sub</span> <span class='ocrx_word' id='word_1_55' title='bbox 447 1082 545 1125; x_wconf 88' lang='lat' dir='ltr'>censu</span> <span class='ocrx_word' id='word_1_56' title='bbox 567 1061 701 1125; x_wconf 89' lang='lat' dir='ltr'>utendas</span> <span class='ocrx_word' id='word_1_57' title='bbox 719 1061 891 1143; x_wconf 88' lang='lat' dir='ltr'>recipiunt,</span> <span class='ocrx_word' id='word_1_58' title='bbox 917 1067 965 1133; x_wconf 89' lang='lat' dir='ltr'>ut,</span> <span class='ocrx_word' id='word_1_59' title='bbox 987 1079 1157 1143; x_wconf 89' lang='lat' dir='ltr'>quousque</span> <span class='ocrx_word' id='word_1_60' title='bbox 1177 1061 1262 1144; x_wconf 86' lang='lat' dir='ltr'>ipses</span> <span class='ocrx_word' id='word_1_61' title='bbox 1284 1079 1335 1135; x_wconf 87' lang='lat' dir='ltr'>res</span> <span class='ocrx_word' id='word_1_62' title='bbox 1356 1059 1534 1140; x_wconf 89' lang='lat' dir='ltr'>possident,</span> <span class='ocrx_word' id='word_1_63' title='bbox 1560 1060 1682 1124; x_wconf 88' lang='lat' dir='ltr'>hostem</span> <span class='ocrx_word' id='word_1_64' title='bbox 1703 1069 1736 1124; x_wconf 90' lang='lat' dir='ltr'>et</span> <span class='ocrx_word' id='word_1_65' title='bbox 1755 1059 1890 1144; x_wconf 84' lang='lat' dir='ltr'>reliquas</span> 
     </span>
     <span class='ocr_line' id='line_1_8' title="bbox 276 1160 1888 1247; baseline -0.002 -20"><span class='ocrx_word' id='word_1_66' title='bbox 276 1164 419 1247; x_wconf 87' lang='lat' dir='ltr'>publicas</span> <span class='ocrx_word' id='word_1_67' title='bbox 448 1163 626 1226; x_wconf 86' lang='lat' dir='ltr'>functiones</span> <span class='ocrx_word' id='word_1_68' title='bbox 651 1163 775 1225; x_wconf 84' lang='lat' dir='ltr'>iaciant.</span> <span class='ocrx_word' id='word_1_69' title='bbox 822 1160 942 1236; x_wconf 85' lang='lat' dir='ltr'>Quodsi</span> <span class='ocrx_word' id='word_1_70' title='bbox 960 1163 1048 1226; x_wconf 91' lang='lat' dir='ltr'>iussa</span> <span class='ocrx_word' id='word_1_71' title='bbox 1069 1162 1171 1226; x_wconf 86' lang='lat' dir='ltr'>facere</span> <span class='ocrx_word' id='word_1_72' title='bbox 1189 1162 1400 1246; x_wconf 82' lang='lat' dir='ltr'>neglexerint,</span> <span class='ocrx_word' id='word_1_73' title='bbox 1428 1163 1588 1226; x_wconf 89' lang='lat' dir='ltr'>licentiam</span> <span class='ocrx_word' id='word_1_74' title='bbox 1610 1181 1664 1226; x_wconf 89' lang='lat' dir='ltr'>eos</span> <span class='ocrx_word' id='word_1_75' title='bbox 1683 1161 1888 1244; x_wconf 84' lang='lat' dir='ltr'>distringendi</span> 
     </span>
     <span class='ocr_line' id='line_1_9' title="bbox 278 1264 1890 1349; baseline -0.001 -20"><span class='ocrx_word' id='word_1_76' title='bbox 278 1266 447 1329; x_wconf 86' lang='lat' dir='ltr'>comitibus</span> <span class='ocrx_word' id='word_1_77' title='bbox 466 1266 679 1349; x_wconf 89' lang='lat' dir='ltr'>permittimus</span> <span class='ocrx_word' id='word_1_78' title='bbox 700 1283 755 1347; x_wconf 92' lang='lat' dir='ltr'>per</span> <span class='ocrx_word' id='word_1_79' title='bbox 774 1265 859 1347; x_wconf 91' lang='lat' dir='ltr'>ipsas</span> <span class='ocrx_word' id='word_1_80' title='bbox 880 1282 946 1340; x_wconf 89' lang='lat' dir='ltr'>res,</span> <span class='ocrx_word' id='word_1_81' title='bbox 973 1270 1080 1328; x_wconf 90' lang='lat' dir='ltr'>nostra</span> <span class='ocrx_word' id='word_1_82' title='bbox 1101 1284 1166 1327; x_wconf 94' lang='lat' dir='ltr'>non</span> <span class='ocrx_word' id='word_1_83' title='bbox 1189 1266 1354 1329; x_wconf 89' lang='lat' dir='ltr'>resistente</span> <span class='ocrx_word' id='word_1_84' title='bbox 1375 1266 1548 1330; x_wconf 87' lang='lat' dir='ltr'>emunitate</span> <span class='ocrx_word' id='word_1_85' title='bbox 1556 1265 1579 1344; x_wconf 81' lang='lat'>,²</span> <span class='ocrx_word' id='word_1_86' title='bbox 1601 1270 1636 1328; x_wconf 92' lang='lat' dir='ltr'>ut</span> <span class='ocrx_word' id='word_1_87' title='bbox 1655 1269 1759 1328; x_wconf 88' lang='lat' dir='ltr'>status</span> <span class='ocrx_word' id='word_1_88' title='bbox 1779 1274 1812 1328; x_wconf 90' lang='lat' dir='ltr'>et</span> <span class='ocrx_word' id='word_1_89' title='bbox 1833 1264 1890 1328; x_wconf 91' lang='lat' dir='ltr'>uti·</span> 
     </span>
     <span class='ocr_line' id='line_1_10' title="bbox 280 1366 1299 1449; baseline -0.003 -18"><span class='ocrx_word' id='word_1_90' title='bbox 280 1369 351 1431; x_wconf 88' lang='lat' dir='ltr'>litas</span> <span class='ocrx_word' id='word_1_91' title='bbox 371 1369 460 1449; x_wconf 90' lang='lat' dir='ltr'>regni</span> <span class='ocrx_word' id='word_1_92' title='bbox 483 1367 703 1430; x_wconf 85' lang='lat' dir='ltr'>huiuscemodi</span> <span class='ocrx_word' id='word_1_93' title='bbox 726 1366 1007 1430; x_wconf 80' lang='lat' dir='ltr'>adinventionibus</span> <span class='ocrx_word' id='word_1_94' title='bbox 1029 1386 1092 1429; x_wconf 94' lang='lat' dir='ltr'>non</span> <span class='ocrx_word' id='word_1_95' title='bbox 1112 1366 1299 1431; x_wconf 90' lang='lat' dir='ltr'>infirmetur.</span> 
     </span>
    </p>

    <p class='ocr_par' dir='ltr' id='par_1_4' title="bbox 267 1467 1934 1859">
     <span class='ocr_line' id='line_1_11' title="bbox 377 1467 1934 1546; baseline -0.004 -13"><span class='ocrx_word' id='word_1_96' title='bbox 377 1472 425 1533; x_wconf 65' lang='grc' dir='ltr'>3.ε</span> <span class='ocrx_word' id='word_1_97' title='bbox 466 1469 627 1532; x_wconf 88' lang='lat' dir='ltr'>Volumus</span> <span class='ocrx_word' id='word_1_98' title='bbox 645 1478 681 1531; x_wconf 93' lang='lat' dir='ltr'>ut</span> <span class='ocrx_word' id='word_1_99' title='bbox 703 1468 815 1531; x_wconf 88' lang='lat' dir='ltr'>similis</span> <span class='ocrx_word' id='word_1_100' title='bbox 837 1487 986 1531; x_wconf 87' lang='lat' dir='ltr'>mensura</span> <span class='ocrx_word' id='word_1_101' title='bbox 1013 1469 1046 1530; x_wconf 94' lang='lat' dir='ltr'>in</span> <span class='ocrx_word' id='word_1_102' title='bbox 1069 1467 1194 1530; x_wconf 77' lang='lat' dir='ltr'>laicalill</span> <span class='ocrx_word' id='word_1_103' title='bbox 1223 1469 1333 1532; x_wconf 91' lang='lat' dir='ltr'>ordine</span> <span class='ocrx_word' id='word_1_104' title='bbox 1355 1469 1394 1532; x_wconf 90' lang='lat' dir='ltr'>de</span> <span class='ocrx_word' id='word_1_105' title='bbox 1419 1469 1476 1531; x_wconf 89' lang='lat' dir='ltr'>hac</span> <span class='ocrx_word' id='word_1_106' title='bbox 1497 1489 1532 1532; x_wconf 91' lang='lat' dir='ltr'>ro</span> <span class='ocrx_word' id='word_1_107' title='bbox 1559 1476 1720 1546; x_wconf 62' lang='lat' dir='ltr'>servotum</span> <span class='ocrx_word' id='word_1_108' title='bbox 1748 1468 1934 1532; x_wconf 83' lang='lat' dir='ltr'>videlicetro</span> 
     </span>
     <span class='ocr_line' id='line_1_12' title="bbox 269 1570 1889 1655; baseline -0.001 -20"><span class='ocrx_word' id='word_1_109' title='bbox 269 1575 305 1636; x_wconf 55' lang='lat' dir='ltr'>&gt;si</span> <span class='ocrx_word' id='word_1_110' title='bbox 328 1574 400 1655; x_wconf 87' lang='lat' dir='ltr'>quis</span> <span class='ocrx_word' id='word_1_111' title='bbox 422 1572 550 1635; x_wconf 87' lang='lat' dir='ltr'>alterins</span> <span class='ocrx_word' id='word_1_112' title='bbox 573 1573 793 1654; x_wconf 83' lang='lat' dir='ltr'>proprietatem</span> <span class='ocrx_word' id='word_1_113' title='bbox 816 1573 872 1654; x_wconf 88' lang='lat' dir='ltr'>qui</span> <span class='ocrx_word' id='word_1_114' title='bbox 894 1571 1014 1635; x_wconf 90' lang='lat' dir='ltr'>hostem</span> <span class='ocrx_word' id='word_1_115' title='bbox 1036 1571 1138 1634; x_wconf 84' lang='lat' dir='ltr'>faeere</span> <span class='ocrx_word' id='word_1_116' title='bbox 1163 1576 1266 1653; x_wconf 89' lang='lat' dir='ltr'>potest</span> <span class='ocrx_word' id='word_1_117' title='bbox 1294 1571 1406 1633; x_wconf 84' lang='lat' dir='ltr'>emerit</span> <span class='ocrx_word' id='word_1_118' title='bbox 1430 1578 1485 1633; x_wconf 88' lang='lat' dir='ltr'>aut</span> <span class='ocrx_word' id='word_1_119' title='bbox 1505 1572 1619 1654; x_wconf 90' lang='lat' dir='ltr'>quovis</span> <span class='ocrx_word' id='word_1_120' title='bbox 1641 1571 1736 1634; x_wconf 90' lang='lat' dir='ltr'>modo</span> <span class='ocrx_word' id='word_1_121' title='bbox 1758 1570 1799 1634; x_wconf 90' lang='lat' dir='ltr'>ad</span> <span class='ocrx_word' id='word_1_122' title='bbox 1820 1591 1889 1635; x_wconf 90' lang='lat' dir='ltr'>eum</span> 
     </span>
     <span class='ocr_line' id='line_1_13' title="bbox 276 1671 1892 1758; baseline -0.001 -20"><span class='ocrx_word' id='word_1_123' title='bbox 276 1675 454 1758; x_wconf 90' lang='lat' dir='ltr'>pervenerit</span> <span class='ocrx_word' id='word_1_124' title='bbox 476 1676 569 1756; x_wconf 90' lang='lat' dir='ltr'>eiquo</span> <span class='ocrx_word' id='word_1_125' title='bbox 592 1674 629 1736; x_wconf 87' lang='lat' dir='ltr'>ad</span> <span class='ocrx_word' id='word_1_126' title='bbox 654 1673 808 1736; x_wconf 90' lang='lat' dir='ltr'>utendum</span> <span class='ocrx_word' id='word_1_127' title='bbox 830 1693 883 1736; x_wconf 88' lang='lat' dir='ltr'>eas</span> <span class='ocrx_word' id='word_1_128' title='bbox 903 1673 1071 1751; x_wconf 82' lang='lat' dir='ltr'>dimiserit,</span> <span class='ocrx_word' id='word_1_129' title='bbox 1101 1674 1127 1736; x_wconf 89' lang='lat' dir='ltr'>si</span> <span class='ocrx_word' id='word_1_130' title='bbox 1158 1671 1329 1756; x_wconf 82' lang='lat' dir='ltr'>neglegens</span> <span class='ocrx_word' id='word_1_131' title='bbox 1351 1672 1389 1735; x_wconf 89' lang='lat' dir='ltr'>de</span> <span class='ocrx_word' id='word_1_132' title='bbox 1412 1673 1502 1736; x_wconf 90' lang='lat' dir='ltr'>hoste</span> <span class='ocrx_word' id='word_1_133' title='bbox 1521 1672 1632 1749; x_wconf 86' lang='lat' dir='ltr'>fuerit,</span> <span class='ocrx_word' id='word_1_134' title='bbox 1660 1692 1718 1756; x_wconf 90' lang='lat' dir='ltr'>per</span> <span class='ocrx_word' id='word_1_135' title='bbox 1738 1675 1824 1757; x_wconf 83' lang='lat' dir='ltr'>ipsas</span> <span class='ocrx_word' id='word_1_136' title='bbox 1845 1692 1892 1737; x_wconf 89' lang='lat' dir='ltr'>res</span> 
     </span>
     <span class='ocr_line' id='line_1_14' title="bbox 267 1774 1583 1859; baseline -0.002 -19"><span class='ocrx_word' id='word_1_137' title='bbox 267 1799 294 1840; x_wconf 78' lang='lat' dir='ltr'>a</span> <span class='ocrx_word' id='word_1_138' title='bbox 311 1779 424 1840; x_wconf 81' lang='lat' dir='ltr'>comite</span> <span class='ocrx_word' id='word_1_139' title='bbox 447 1778 666 1859; x_wconf 85' lang='lat' dir='ltr'>distringatur,</span> <span class='ocrx_word' id='word_1_140' title='bbox 687 1784 723 1839; x_wconf 92' lang='lat' dir='ltr'>ut</span> <span class='ocrx_word' id='word_1_141' title='bbox 744 1777 777 1838; x_wconf 91' lang='lat' dir='ltr'>in</span> <span class='ocrx_word' id='word_1_142' title='bbox 802 1795 1005 1858; x_wconf 89' lang='lat' dir='ltr'>quocumque</span> <span class='ocrx_word' id='word_1_143' title='bbox 1026 1774 1153 1858; x_wconf 89' lang='lat' dir='ltr'>publica</span> <span class='ocrx_word' id='word_1_144' title='bbox 1174 1795 1238 1837; x_wconf 93' lang='lat' dir='ltr'>non</span> <span class='ocrx_word' id='word_1_145' title='bbox 1261 1775 1437 1837; x_wconf 90' lang='lat' dir='ltr'>minoretur</span> <span class='ocrx_word' id='word_1_146' title='bbox 1458 1777 1583 1840; x_wconf 88' lang='lat' dir='ltr'>utilitas.</span> 
     </span>
    </p>

    <p class='ocr_par' dir='ltr' id='par_1_5' title="bbox 260 1876 1970 2268">
     <span class='ocr_line' id='line_1_15' title="bbox 377 1876 1892 1964; baseline -0.004 -21"><span class='ocrx_word' id='word_1_147' title='bbox 377 1881 418 1943; x_wconf 52' lang='lat' dir='ltr'>4st</span> <span class='ocrx_word' id='word_1_148' title='bbox 461 1879 659 1961; x_wconf 90' lang='lat' dir='ltr'>Precipimus</span> <span class='ocrx_word' id='word_1_149' title='bbox 680 1879 718 1941; x_wconf 91' lang='lat' dir='ltr'>de</span> <span class='ocrx_word' id='word_1_150' title='bbox 741 1879 788 1941; x_wconf 89' lang='lat' dir='ltr'>his</span> <span class='ocrx_word' id='word_1_151' title='bbox 808 1877 960 1941; x_wconf 85' lang='lat' dir='ltr'>tratribus</span> <span class='ocrx_word' id='word_1_152' title='bbox 984 1879 1038 1960; x_wconf 93' lang='lat' dir='ltr'>qui</span> <span class='ocrx_word' id='word_1_153' title='bbox 1059 1879 1091 1940; x_wconf 91' lang='lat' dir='ltr'>in</span> <span class='ocrx_word' id='word_1_154' title='bbox 1118 1880 1235 1941; x_wconf 92' lang='lat' dir='ltr'>nostris</span> <span class='ocrx_word' id='word_1_155' title='bbox 1263 1886 1293 1940; x_wconf 90' lang='lat' dir='ltr'>et</span> <span class='ocrx_word' id='word_1_156' title='bbox 1313 1876 1510 1940; x_wconf 80' lang='lat' dir='ltr'>Romaniael</span> <span class='ocrx_word' id='word_1_157' title='bbox 1531 1880 1652 1955; x_wconf 82' lang='lat' dir='ltr'>finibus</span> <span class='ocrx_word' id='word_1_158' title='bbox 1673 1887 1823 1964; x_wconf 87' lang='lat' dir='ltr'>paternae</span> <span class='ocrx_word' id='word_1_159' title='bbox 1841 1897 1892 1940; x_wconf 86' lang='lat' dir='ltr'>seo</span> 
     </span>
     <span class='ocr_line' id='line_1_16' title="bbox 280 1977 1970 2063; baseline -0.001 -19"><span class='ocrx_word' id='word_1_160' title='bbox 280 1991 440 2045; x_wconf 83' lang='lat' dir='ltr'>maternae</span> <span class='ocrx_word' id='word_1_161' title='bbox 462 1981 636 2044; x_wconf 91' lang='lat' dir='ltr'>succedunt</span> <span class='ocrx_word' id='word_1_162' title='bbox 658 1981 837 2059; x_wconf 86' lang='lat' dir='ltr'>hereditati,</span> <span class='ocrx_word' id='word_1_163' title='bbox 865 1982 890 2043; x_wconf 93' lang='lat' dir='ltr'>si</span> <span class='ocrx_word' id='word_1_164' title='bbox 914 1982 1079 2063; x_wconf 89' lang='lat' dir='ltr'>contigerit</span> <span class='ocrx_word' id='word_1_165' title='bbox 1101 1980 1185 2063; x_wconf 91' lang='lat' dir='ltr'>quod</span> <span class='ocrx_word' id='word_1_166' title='bbox 1208 2000 1293 2043; x_wconf 90' lang='lat' dir='ltr'>unus</span> <span class='ocrx_word' id='word_1_167' title='bbox 1311 1999 1421 2043; x_wconf 90' lang='lat' dir='ltr'>corum</span> <span class='ocrx_word' id='word_1_168' title='bbox 1449 1979 1677 2043; x_wconf 87' lang='lat' dir='ltr'>ecclesiasticae</span> <span class='ocrx_word' id='word_1_169' title='bbox 1699 1977 1835 2040; x_wconf 85' lang='lat' dir='ltr'>miliciae</span> <span class='ocrx_word' id='word_1_170' title='bbox 1854 1977 1892 2038; x_wconf 88' lang='lat' dir='ltr'>sit</span> <span class='ocrx_word' id='word_1_171' title='bbox 1905 2000 1970 2042; x_wconf 66' lang='grc' dir='ltr'>ιε</span> 
     </span>
     <span class='ocr_line' id='line_1_17' title="bbox 260 2076 1890 2167; baseline -0.001 -21"><span class='ocrx_word' id='word_1_172' title='bbox 260 2085 491 2167; x_wconf 63' lang='grc' dir='ltr'>·ἰηειηοίραῒυε,</span> <span class='ocrx_word' id='word_1_173' title='bbox 522 2088 552 2145; x_wconf 92' lang='lat' dir='ltr'>et</span> <span class='ocrx_word' id='word_1_174' title='bbox 580 2084 693 2145; x_wconf 89' lang='lat' dir='ltr'>iccirco</span> <span class='ocrx_word' id='word_1_175' title='bbox 715 2085 742 2145; x_wconf 92' lang='lat' dir='ltr'>is</span> <span class='ocrx_word' id='word_1_176' title='bbox 770 2085 825 2165; x_wconf 93' lang='lat' dir='ltr'>qui</span> <span class='ocrx_word' id='word_1_177' title='bbox 848 2083 1031 2146; x_wconf 80' lang='lat' dir='ltr'>seculariter</span> <span class='ocrx_word' id='word_1_178' title='bbox 1050 2076 1185 2145; x_wconf 88' lang='lat' dir='ltr'>militare</span> <span class='ocrx_word' id='word_1_179' title='bbox 1207 2081 1373 2160; x_wconf 88' lang='lat' dir='ltr'>debuerat,</span> <span class='ocrx_word' id='word_1_180' title='bbox 1395 2088 1432 2144; x_wconf 92' lang='lat' dir='ltr'>ut</span> <span class='ocrx_word' id='word_1_181' title='bbox 1452 2100 1486 2145; x_wconf 89' lang='lat' dir='ltr'>se</span> <span class='ocrx_word' id='word_1_182' title='bbox 1508 2081 1547 2144; x_wconf 88' lang='lat' dir='ltr'>ad</span> <span class='ocrx_word' id='word_1_183' title='bbox 1569 2081 1785 2145; x_wconf 85' lang='lat' dir='ltr'>defensionem</span> <span class='ocrx_word' id='word_1_184' title='bbox 1807 2083 1890 2165; x_wconf 85' lang='lat' dir='ltr'>regni</span> 
     </span>
     <span class='ocr_line' id='line_1_18' title="bbox 278 2183 1892 2268; baseline -0.001 -21"><span class='ocrx_word' id='word_1_185' title='bbox 278 2187 380 2249; x_wconf 84' lang='lat' dir='ltr'>nostri</span> <span class='ocrx_word' id='word_1_186' title='bbox 401 2185 581 2263; x_wconf 87' lang='lat' dir='ltr'>subtrahat,</span> <span class='ocrx_word' id='word_1_187' title='bbox 609 2186 641 2247; x_wconf 93' lang='lat' dir='ltr'>in</span> <span class='ocrx_word' id='word_1_188' title='bbox 669 2186 786 2249; x_wconf 89' lang='lat' dir='ltr'>nostris</span> <span class='ocrx_word' id='word_1_189' title='bbox 807 2185 927 2248; x_wconf 91' lang='lat' dir='ltr'>finibus</span> <span class='ocrx_word' id='word_1_190' title='bbox 950 2193 1071 2268; x_wconf 89' lang='lat' dir='ltr'>partem</span> <span class='ocrx_word' id='word_1_191' title='bbox 1092 2183 1289 2247; x_wconf 89' lang='lat' dir='ltr'>substantiae</span> <span class='ocrx_word' id='word_1_192' title='bbox 1311 2185 1344 2246; x_wconf 92' lang='lat' dir='ltr'>iu</span> <span class='ocrx_word' id='word_1_193' title='bbox 1366 2185 1544 2266; x_wconf 87' lang='lat' dir='ltr'>portionem</span> <span class='ocrx_word' id='word_1_194' title='bbox 1566 2185 1726 2267; x_wconf 88' lang='lat' dir='ltr'>suscipere</span> <span class='ocrx_word' id='word_1_195' title='bbox 1745 2184 1892 2247; x_wconf 85' lang='lat' dir='ltr'>dissimu-</span> 
     </span>
    </p>
   </div>
   <div class='ocr_carea' id='block_1_3' title="bbox 272 2286 1967 2996">
    <p class='ocr_par' dir='ltr' id='par_1_6' title="bbox 272 2286 1967 2761">
     <span class='ocr_line' id='line_1_19' title="bbox 279 2286 1891 2371; baseline 0 -21"><span class='ocrx_word' id='word_1_196' title='bbox 279 2288 405 2365; x_wconf 82' lang='lat' dir='ltr'>laverit,</span> <span class='ocrx_word' id='word_1_197' title='bbox 436 2288 551 2350; x_wconf 88' lang='lat' dir='ltr'>idcirco</span> <span class='ocrx_word' id='word_1_198' title='bbox 573 2295 609 2351; x_wconf 92' lang='lat' dir='ltr'>ut</span> <span class='ocrx_word' id='word_1_199' title='bbox 630 2294 768 2371; x_wconf 90' lang='lat' dir='ltr'>nequeat</span> <span class='ocrx_word' id='word_1_200' title='bbox 786 2289 978 2370; x_wconf 89' lang='lat' dir='ltr'>constringi:</span> <span class='ocrx_word' id='word_1_201' title='bbox 1007 2287 1203 2369; x_wconf 88' lang='lat' dir='ltr'>ubicumque</span> <span class='ocrx_word' id='word_1_202' title='bbox 1224 2288 1325 2349; x_wconf 88' lang='lat' dir='ltr'>comis</span> <span class='ocrx_word' id='word_1_203' title='bbox 1345 2306 1425 2349; x_wconf 91' lang='lat' dir='ltr'>suus</span> <span class='ocrx_word' id='word_1_204' title='bbox 1445 2305 1519 2349; x_wconf 90' lang='lat' dir='ltr'>eurn</span> <span class='ocrx_word' id='word_1_205' title='bbox 1542 2287 1714 2367; x_wconf 86' lang='lat' dir='ltr'>invenerit,</span> <span class='ocrx_word' id='word_1_206' title='bbox 1734 2286 1891 2351; x_wconf 70' lang='lat' dir='ltr'>licentiam</span> 
     </span>
     <span class='ocr_line' id='line_1_20' title="bbox 279 2389 1891 2474; baseline 0 -21"><span class='ocrx_word' id='word_1_207' title='bbox 279 2390 489 2473; x_wconf 88' lang='lat' dir='ltr'>distringendi</span> <span class='ocrx_word' id='word_1_208' title='bbox 515 2391 543 2452; x_wconf 92' lang='lat' dir='ltr'>ei</span> <span class='ocrx_word' id='word_1_209' title='bbox 570 2391 780 2454; x_wconf 81' lang='lat' dir='ltr'>concedimus.</span> <span class='ocrx_word' id='word_1_210' title='bbox 835 2390 883 2453; x_wconf 88' lang='lat' dir='ltr'>Ita</span> <span class='ocrx_word' id='word_1_211' title='bbox 917 2397 950 2452; x_wconf 94' lang='lat' dir='ltr'>ut</span> <span class='ocrx_word' id='word_1_212' title='bbox 976 2391 1115 2473; x_wconf 85' lang='lat' dir='ltr'>primunr</span> <span class='ocrx_word' id='word_1_213' title='bbox 1145 2389 1364 2452; x_wconf 85' lang='lat' dir='ltr'>fideiussores¹</span> <span class='ocrx_word' id='word_1_214' title='bbox 1396 2391 1517 2453; x_wconf 83' lang='lat' dir='ltr'>donet¹²¹</span> <span class='ocrx_word' id='word_1_215' title='bbox 1548 2409 1649 2473; x_wconf 89' lang='lat' dir='ltr'>usque</span> <span class='ocrx_word' id='word_1_216' title='bbox 1676 2390 1715 2453; x_wconf 90' lang='lat' dir='ltr'>ad</span> <span class='ocrx_word' id='word_1_217' title='bbox 1743 2389 1891 2474; x_wconf 86' lang='lat' dir='ltr'>placitum</span> 
     </span>
     <span class='ocr_line' id='line_1_21' title="bbox 273 2491 1967 2575; baseline -0.002 -21"><span class='ocrx_word' id='word_1_218' title='bbox 273 2512 393 2571; x_wconf 90' lang='lat' dir='ltr'>suum,</span> <span class='ocrx_word' id='word_1_219' title='bbox 422 2501 476 2554; x_wconf 84' lang='lat' dir='ltr'>ut¹¹</span> <span class='ocrx_word' id='word_1_220' title='bbox 497 2492 643 2555; x_wconf 86' lang='lat' dir='ltr'>bannum</span> <span class='ocrx_word' id='word_1_221' title='bbox 664 2501 808 2555; x_wconf 90' lang='lat' dir='ltr'>nostrum</span> <span class='ocrx_word' id='word_1_222' title='bbox 831 2498 1024 2575; x_wconf 75' lang='lat' dir='ltr'>conponat30</span> <span class='ocrx_word' id='word_1_223' title='bbox 1052 2493 1175 2555; x_wconf 84' lang='lat' dir='ltr'>sivero</span> <span class='ocrx_word' id='word_1_224' title='bbox 1202 2491 1448 2555; x_wconf 68' lang='lat' dir='ltr'>fideiussoresll</span> <span class='ocrx_word' id='word_1_225' title='bbox 1469 2511 1534 2554; x_wconf 92' lang='lat' dir='ltr'>non</span> <span class='ocrx_word' id='word_1_226' title='bbox 1555 2493 1727 2563; x_wconf 81' lang='lat' dir='ltr'>invenerit,</span> <span class='ocrx_word' id='word_1_227' title='bbox 1753 2492 1891 2555; x_wconf 86' lang='lat' dir='ltr'>tamdiu</span> <span class='ocrx_word' id='word_1_228' title='bbox 1916 2518 1967 2553; x_wconf 68' lang='lat' dir='ltr'>a·</span> 
     </span>
     <span class='ocr_line' id='line_1_22' title="bbox 272 2594 1891 2678; baseline 0.001 -20"><span class='ocrx_word' id='word_1_229' title='bbox 272 2595 339 2658; x_wconf 89' lang='lat' dir='ltr'>sub</span> <span class='ocrx_word' id='word_1_230' title='bbox 370 2595 512 2658; x_wconf 88' lang='lat' dir='ltr'>custodia</span> <span class='ocrx_word' id='word_1_231' title='bbox 537 2614 593 2677; x_wconf 90' lang='lat' dir='ltr'>per</span> <span class='ocrx_word' id='word_1_232' title='bbox 620 2595 767 2658; x_wconf 88' lang='lat' dir='ltr'>comitem</span> <span class='ocrx_word' id='word_1_233' title='bbox 795 2602 956 2674; x_wconf 89' lang='lat' dir='ltr'>teneatur,</span> <span class='ocrx_word' id='word_1_234' title='bbox 985 2613 1155 2678; x_wconf 91' lang='lat' dir='ltr'>quousque</span> <span class='ocrx_word' id='word_1_235' title='bbox 1183 2598 1240 2658; x_wconf 89' lang='lat' dir='ltr'>aut</span> <span class='ocrx_word' id='word_1_236' title='bbox 1263 2594 1467 2658; x_wconf 89' lang='lat' dir='ltr'>fideiussores</span> <span class='ocrx_word' id='word_1_237' title='bbox 1492 2595 1648 2667; x_wconf 82' lang='lat' dir='ltr'>inveniat,</span> <span class='ocrx_word' id='word_1_238' title='bbox 1677 2603 1734 2658; x_wconf 88' lang='lat' dir='ltr'>aut</span> <span class='ocrx_word' id='word_1_239' title='bbox 1753 2594 1891 2659; x_wconf 89' lang='lat' dir='ltr'>bannum</span> 
     </span>
     <span class='ocr_line' id='line_1_23' title="bbox 276 2697 750 2761; baseline 0.002 -2"><span class='ocrx_word' id='word_1_240' title='bbox 276 2707 426 2761; x_wconf 90' lang='lat' dir='ltr'>nostrum</span> <span class='ocrx_word' id='word_1_241' title='bbox 448 2698 590 2760; x_wconf 89' lang='lat' dir='ltr'>solutum</span> <span class='ocrx_word' id='word_1_242' title='bbox 609 2697 730 2760; x_wconf 88' lang='lat' dir='ltr'>habeat.</span> <span class='ocrx_word' id='word_1_243' title='bbox 738 2697 750 2733; x_wconf 84' lang='lat'>‘¹</span> 
     </span>
    </p>

    <p class='ocr_par' dir='ltr' id='par_1_7' title="bbox 278 2798 1893 2996">
     <span class='ocr_line' id='line_1_24' title="bbox 379 2798 1893 2884; baseline -0.001 -21"><span class='ocrx_word' id='word_1_244' title='bbox 379 2801 407 2863; x_wconf 85' lang='lat' dir='ltr'>b.</span> <span class='ocrx_word' id='word_1_245' title='bbox 449 2798 497 2862; x_wconf 90' lang='lat' dir='ltr'>De</span> <span class='ocrx_word' id='word_1_246' title='bbox 516 2799 624 2862; x_wconf 88' lang='lat' dir='ltr'>liberis</span> <span class='ocrx_word' id='word_1_247' title='bbox 644 2818 718 2862; x_wconf 88' lang='lat' dir='ltr'>vero</span> <span class='ocrx_word' id='word_1_248' title='bbox 739 2799 923 2863; x_wconf 73' lang='lat' dir='ltr'>honunibus</span> <span class='ocrx_word' id='word_1_249' title='bbox 944 2801 999 2882; x_wconf 88' lang='lat' dir='ltr'>qui</span> <span class='ocrx_word' id='word_1_250' title='bbox 1025 2800 1059 2862; x_wconf 93' lang='lat' dir='ltr'>in</span> <span class='ocrx_word' id='word_1_251' title='bbox 1088 2800 1192 2863; x_wconf 87' lang='lat' dir='ltr'>aliena</span> <span class='ocrx_word' id='word_1_252' title='bbox 1215 2806 1368 2884; x_wconf 88' lang='lat' dir='ltr'>potestate</span> <span class='ocrx_word' id='word_1_253' title='bbox 1396 2798 1547 2864; x_wconf 88' lang='lat' dir='ltr'>mobilem</span> <span class='ocrx_word' id='word_1_254' title='bbox 1574 2819 1670 2863; x_wconf 93' lang='lat' dir='ltr'>suum</span> <span class='ocrx_word' id='word_1_255' title='bbox 1693 2799 1893 2877; x_wconf 83' lang='lat' dir='ltr'>transferunt,</span> 
     </span>
     <span class='ocr_line' id='line_1_25' title="bbox 278 2900 1893 2996; baseline 0.001 -33"><span class='ocrx_word' id='word_1_256' title='bbox 278 2909 318 2963; x_wconf 87' lang='lat' dir='ltr'>ut</span> <span class='ocrx_word' id='word_1_257' title='bbox 339 2909 485 2964; x_wconf 88' lang='lat' dir='ltr'>causator</span> <span class='ocrx_word' id='word_1_258' title='bbox 505 2920 616 2964; x_wconf 89' lang='lat' dir='ltr'>eorum</span> <span class='ocrx_word' id='word_1_259' title='bbox 638 2921 693 2964; x_wconf 90' lang='lat' dir='ltr'>eos</span> <span class='ocrx_word' id='word_1_260' title='bbox 713 2903 878 2984; x_wconf 90' lang='lat' dir='ltr'>pignerare</span> <span class='ocrx_word' id='word_1_261' title='bbox 901 2922 966 2965; x_wconf 93' lang='lat' dir='ltr'>non</span> <span class='ocrx_word' id='word_1_262' title='bbox 978 2903 1092 2996; x_wconf 44' lang='lat' dir='ltr'>possit,</span> <span class='ocrx_word' id='word_1_263' title='bbox 1112 2902 1213 2985; x_wconf 88' lang='lat' dir='ltr'>placet</span> <span class='ocrx_word' id='word_1_264' title='bbox 1234 2901 1326 2964; x_wconf 91' lang='lat' dir='ltr'>nobis</span> <span class='ocrx_word' id='word_1_265' title='bbox 1343 2907 1379 2965; x_wconf 91' lang='lat' dir='ltr'>ut</span> <span class='ocrx_word' id='word_1_266' title='bbox 1399 2921 1450 2965; x_wconf 85' lang='lat' dir='ltr'>res</span> <span class='ocrx_word' id='word_1_267' title='bbox 1470 2921 1582 2964; x_wconf 89' lang='lat' dir='ltr'>eorum</span> <span class='ocrx_word' id='word_1_268' title='bbox 1599 2900 1796 2978; x_wconf 79' lang='lat' dir='ltr'>infiscentur,</span> <span class='ocrx_word' id='word_1_269' title='bbox 1819 2921 1893 2984; x_wconf 89' lang='lat' dir='ltr'>quo·</span> 
     </span>
    </p>
   </div>
   <div class='ocr_carea' id='block_1_4' title="bbox 275 3003 1953 4723">
    <p class='ocr_par' dir='ltr' id='par_1_8' title="bbox 275 3003 1953 3498">
     <span class='ocr_line' id='line_1_26' title="bbox 282 3003 1953 3086; baseline -0.004 -19"><span class='ocrx_word' id='word_1_270' title='bbox 282 3022 385 3085; x_wconf 91' lang='lat' dir='ltr'>usque</span> <span class='ocrx_word' id='word_1_271' title='bbox 407 3005 570 3067; x_wconf 83' lang='lat' dir='ltr'>venientes</span> <span class='ocrx_word' id='word_1_272' title='bbox 595 3005 634 3066; x_wconf 88' lang='lat' dir='ltr'>ad</span> <span class='ocrx_word' id='word_1_273' title='bbox 656 3004 850 3067; x_wconf 89' lang='lat' dir='ltr'>audientiam</span> <span class='ocrx_word' id='word_1_274' title='bbox 873 3005 1033 3067; x_wconf 86' lang='lat' dir='ltr'>iusticiam</span> <span class='ocrx_word' id='word_1_275' title='bbox 1054 3005 1179 3067; x_wconf 89' lang='lat' dir='ltr'>faciant.</span> <span class='ocrx_word' id='word_1_276' title='bbox 1221 3004 1254 3068; x_wconf 83' lang='lat' dir='ltr'>Si</span> <span class='ocrx_word' id='word_1_277' title='bbox 1277 3023 1351 3067; x_wconf 90' lang='lat' dir='ltr'>vero</span> <span class='ocrx_word' id='word_1_278' title='bbox 1372 3005 1482 3066; x_wconf 87' lang='lat' dir='ltr'>venire</span> <span class='ocrx_word' id='word_1_279' title='bbox 1502 3003 1763 3086; x_wconf 86' lang='lat' dir='ltr'>contempserint,</span> <span class='ocrx_word' id='word_1_280' title='bbox 1784 3022 1898 3067; x_wconf 88' lang='lat' dir='ltr'>seeun-</span> <span class='ocrx_word' id='word_1_281' title='bbox 1920 3023 1953 3061; x_wconf 72' lang='grc' dir='ltr'>κε</span> 
     </span>
     <span class='ocr_line' id='line_1_27' title="bbox 275 3105 1899 3189; baseline 0.001 -21"><span class='ocrx_word' id='word_1_282' title='bbox 275 3105 358 3168; x_wconf 85' lang='lat' dir='ltr'>-dunr</span> <span class='ocrx_word' id='word_1_283' title='bbox 382 3105 574 3188; x_wconf 75' lang='lat' dir='ltr'>capitularel</span> <span class='ocrx_word' id='word_1_284' title='bbox 608 3106 715 3168; x_wconf 90' lang='lat' dir='ltr'>domni</span> <span class='ocrx_word' id='word_1_285' title='bbox 745 3127 781 3169; x_wconf 91' lang='lat' dir='ltr'>ae</span> <span class='ocrx_word' id='word_1_286' title='bbox 810 3108 961 3189; x_wconf 89' lang='lat' dir='ltr'>genitoris</span> <span class='ocrx_word' id='word_1_287' title='bbox 992 3107 1092 3170; x_wconf 87' lang='lat' dir='ltr'>nostri</span> <span class='ocrx_word' id='word_1_288' title='bbox 1118 3108 1157 3170; x_wconf 91' lang='lat' dir='ltr'>de</span> <span class='ocrx_word' id='word_1_289' title='bbox 1184 3126 1295 3171; x_wconf 90' lang='lat' dir='ltr'>eorum</span> <span class='ocrx_word' id='word_1_290' title='bbox 1324 3105 1420 3170; x_wconf 86' lang='lat' dir='ltr'>rebus</span> <span class='ocrx_word' id='word_1_291' title='bbox 1446 3113 1572 3189; x_wconf 78' lang='lat' dir='ltr'>agatur3</span> <span class='ocrx_word' id='word_1_292' title='bbox 1605 3125 1678 3168; x_wconf 91' lang='lat' dir='ltr'>narn</span> <span class='ocrx_word' id='word_1_293' title='bbox 1708 3111 1739 3169; x_wconf 90' lang='lat' dir='ltr'>et</span> <span class='ocrx_word' id='word_1_294' title='bbox 1760 3106 1799 3169; x_wconf 89' lang='lat' dir='ltr'>de</span> <span class='ocrx_word' id='word_1_295' title='bbox 1820 3107 1899 3189; x_wconf 86' lang='lat' dir='ltr'>ipsis</span> 
     </span>
     <span class='ocr_line' id='line_1_28' title="bbox 282 3207 1897 3292; baseline 0.001 -21"><span class='ocrx_word' id='word_1_296' title='bbox 282 3208 379 3271; x_wconf 89' lang='lat' dir='ltr'>rebus</span> <span class='ocrx_word' id='word_1_297' title='bbox 399 3207 506 3271; x_wconf 89' lang='lat' dir='ltr'>habita</span> <span class='ocrx_word' id='word_1_298' title='bbox 528 3209 763 3272; x_wconf 85' lang='lat' dir='ltr'>existimatione</span> <span class='ocrx_word' id='word_1_299' title='bbox 785 3209 937 3272; x_wconf 86' lang='lat' dir='ltr'>damnum</span> <span class='ocrx_word' id='word_1_300' title='bbox 960 3211 1132 3292; x_wconf 90' lang='lat' dir='ltr'>quaesitori</span> <span class='ocrx_word' id='word_1_301' title='bbox 1152 3211 1331 3272; x_wconf 80' lang='lat' dir='ltr'>sarciatur.r</span> <span class='ocrx_word' id='word_1_302' title='bbox 1374 3207 1436 3283; x_wconf 83' lang='lat' dir='ltr'>Qui</span> <span class='ocrx_word' id='word_1_303' title='bbox 1456 3227 1532 3271; x_wconf 91' lang='lat' dir='ltr'>vero</span> <span class='ocrx_word' id='word_1_304' title='bbox 1551 3207 1623 3271; x_wconf 93' lang='lat' dir='ltr'>illut</span> <span class='ocrx_word' id='word_1_305' title='bbox 1643 3207 1795 3271; x_wconf 89' lang='lat' dir='ltr'>mobilem</span> <span class='ocrx_word' id='word_1_306' title='bbox 1814 3228 1897 3272; x_wconf 86' lang='lat' dir='ltr'>reoc-</span> 
     </span>
     <span class='ocr_line' id='line_1_29' title="bbox 279 3310 1897 3395; baseline 0 -22"><span class='ocrx_word' id='word_1_307' title='bbox 279 3312 341 3394; x_wconf 92' lang='lat' dir='ltr'>pit,</span> <span class='ocrx_word' id='word_1_308' title='bbox 372 3312 413 3373; x_wconf 69' lang='lat' dir='ltr'>si*</span> <span class='ocrx_word' id='word_1_309' title='bbox 440 3311 499 3374; x_wconf 91' lang='lat' dir='ltr'>hoe</span> <span class='ocrx_word' id='word_1_310' title='bbox 523 3331 580 3393; x_wconf 90' lang='lat' dir='ltr'>per</span> <span class='ocrx_word' id='word_1_311' title='bbox 607 3318 840 3374; x_wconf 90' lang='lat' dir='ltr'>sacramentum</span> <span class='ocrx_word' id='word_1_312' title='bbox 870 3311 1003 3395; x_wconf 88' lang='lat' dir='ltr'>probare</span> <span class='ocrx_word' id='word_1_313' title='bbox 1033 3332 1096 3376; x_wconf 96' lang='lat' dir='ltr'>non</span> <span class='ocrx_word' id='word_1_314' title='bbox 1124 3313 1276 3395; x_wconf 89' lang='lat' dir='ltr'>potuerit,</span> <span class='ocrx_word' id='word_1_315' title='bbox 1312 3310 1396 3394; x_wconf 91' lang='lat' dir='ltr'>quod</span> <span class='ocrx_word' id='word_1_316' title='bbox 1423 3317 1549 3394; x_wconf 91' lang='lat' dir='ltr'>proptor</span> <span class='ocrx_word' id='word_1_317' title='bbox 1580 3311 1739 3375; x_wconf 81' lang='lat' dir='ltr'>iusticiam</span> <span class='ocrx_word' id='word_1_318' title='bbox 1768 3311 1897 3374; x_wconf 87' lang='lat' dir='ltr'>alterius</span> 
     </span>
     <span class='ocr_line' id='line_1_30' title="bbox 284 3412 1384 3498; baseline 0.001 -23"><span class='ocrx_word' id='word_1_319' title='bbox 284 3413 488 3477; x_wconf 87' lang='lat' dir='ltr'>differendam</span> <span class='ocrx_word' id='word_1_320' title='bbox 510 3412 581 3476; x_wconf 92' lang='lat' dir='ltr'>illut</span> <span class='ocrx_word' id='word_1_321' title='bbox 602 3433 665 3476; x_wconf 93' lang='lat' dir='ltr'>non</span> <span class='ocrx_word' id='word_1_322' title='bbox 690 3415 863 3497; x_wconf 89' lang='lat' dir='ltr'>recipisset,</span> <span class='ocrx_word' id='word_1_323' title='bbox 886 3414 1028 3477; x_wconf 90' lang='lat' dir='ltr'>bannum</span> <span class='ocrx_word' id='word_1_324' title='bbox 1052 3424 1197 3478; x_wconf 87' lang='lat' dir='ltr'>nostrum</span> <span class='ocrx_word' id='word_1_325' title='bbox 1220 3414 1384 3498; x_wconf 81' lang='lat' dir='ltr'>persolvat.</span> 
     </span>
    </p>

    <p class='ocr_par' dir='ltr' id='par_1_9' title="bbox 277 3513 1924 4315">
     <span class='ocr_line' id='line_1_31' title="bbox 383 3513 1924 3600; baseline -0.006 -20"><span class='ocrx_word' id='word_1_326' title='bbox 383 3517 424 3580; x_wconf 72' lang='grc' dir='ltr'>6.ῑ</span> <span class='ocrx_word' id='word_1_327' title='bbox 465 3513 514 3579; x_wconf 90' lang='lat' dir='ltr'>De</span> <span class='ocrx_word' id='word_1_328' title='bbox 534 3515 686 3578; x_wconf 86' lang='lat' dir='ltr'>fratribus</span> <span class='ocrx_word' id='word_1_329' title='bbox 705 3535 846 3598; x_wconf 87' lang='lat' dir='ltr'>namque</span> <span class='ocrx_word' id='word_1_330' title='bbox 866 3518 923 3599; x_wconf 90' lang='lat' dir='ltr'>qui</span> <span class='ocrx_word' id='word_1_331' title='bbox 945 3516 1041 3579; x_wconf 91' lang='lat' dir='ltr'>simul</span> <span class='ocrx_word' id='word_1_332' title='bbox 1062 3517 1096 3579; x_wconf 90' lang='lat' dir='ltr'>in</span> <span class='ocrx_word' id='word_1_333' title='bbox 1119 3522 1251 3600; x_wconf 87' lang='lat' dir='ltr'>paterna</span> <span class='ocrx_word' id='word_1_334' title='bbox 1272 3534 1325 3579; x_wconf 91' lang='lat' dir='ltr'>seo</span> <span class='ocrx_word' id='word_1_335' title='bbox 1340 3521 1484 3579; x_wconf 88' lang='lat' dir='ltr'>materna</span> <span class='ocrx_word' id='word_1_336' title='bbox 1503 3514 1675 3577; x_wconf 88' lang='lat' dir='ltr'>hereditate</span> <span class='ocrx_word' id='word_1_337' title='bbox 1686 3516 1924 3578; x_wconf 78' lang='lat' dir='ltr'>communitera</span> 
     </span>
     <span class='ocr_line' id='line_1_32' title="bbox 280 3617 1891 3697; baseline 0 -19"><span class='ocrx_word' id='word_1_338' title='bbox 280 3620 412 3695; x_wconf 79' lang='lat' dir='ltr'>vivunt,</span> <span class='ocrx_word' id='word_1_339' title='bbox 440 3618 584 3681; x_wconf 90' lang='lat' dir='ltr'>nolentes</span> <span class='ocrx_word' id='word_1_340' title='bbox 608 3617 818 3681; x_wconf 89' lang='lat' dir='ltr'>substantiam</span> <span class='ocrx_word' id='word_1_341' title='bbox 847 3617 973 3681; x_wconf 87' lang='lat' dir='ltr'>illorunr</span> <span class='ocrx_word' id='word_1_342' title='bbox 1001 3618 1157 3697; x_wconf 82' lang='lat' dir='ltr'>dividere,</span> <span class='ocrx_word' id='word_1_343' title='bbox 1182 3618 1241 3680; x_wconf 90' lang='lat' dir='ltr'>hac</span> <span class='ocrx_word' id='word_1_344' title='bbox 1270 3619 1436 3680; x_wconf 89' lang='lat' dir='ltr'>occasione</span> <span class='ocrx_word' id='word_1_345' title='bbox 1463 3624 1499 3679; x_wconf 93' lang='lat' dir='ltr'>ut</span> <span class='ocrx_word' id='word_1_346' title='bbox 1526 3636 1613 3679; x_wconf 90' lang='lat' dir='ltr'>unus</span> <span class='ocrx_word' id='word_1_347' title='bbox 1640 3623 1768 3680; x_wconf 89' lang='lat' dir='ltr'>tantum</span> <span class='ocrx_word' id='word_1_348' title='bbox 1787 3636 1891 3681; x_wconf 92' lang='lat' dir='ltr'>eorum</span> 
     </span>
     <span class='ocr_line' id='line_1_33' title="bbox 281 3718 1892 3799; baseline 0.001 -17"><span class='ocrx_word' id='word_1_349' title='bbox 281 3723 315 3782; x_wconf 89' lang='lat' dir='ltr'>in</span> <span class='ocrx_word' id='word_1_350' title='bbox 338 3720 459 3783; x_wconf 87' lang='lat' dir='ltr'>hostem</span> <span class='ocrx_word' id='word_1_351' title='bbox 482 3720 591 3793; x_wconf 88' lang='lat' dir='ltr'>vadat,</span> <span class='ocrx_word' id='word_1_352' title='bbox 611 3720 762 3784; x_wconf 88' lang='lat' dir='ltr'>volumus</span> <span class='ocrx_word' id='word_1_353' title='bbox 784 3727 820 3783; x_wconf 90' lang='lat' dir='ltr'>ut</span> <span class='ocrx_word' id='word_1_354' title='bbox 841 3721 867 3782; x_wconf 91' lang='lat' dir='ltr'>si</span> <span class='ocrx_word' id='word_1_355' title='bbox 890 3719 976 3783; x_wconf 91' lang='lat' dir='ltr'>solus</span> <span class='ocrx_word' id='word_1_356' title='bbox 998 3727 1045 3784; x_wconf 88' lang='lat' dir='ltr'>est</span> <span class='ocrx_word' id='word_1_357' title='bbox 1066 3721 1178 3796; x_wconf 71' lang='lat' dir='ltr'>radat,</span> <span class='ocrx_word' id='word_1_358' title='bbox 1201 3721 1229 3783; x_wconf 90' lang='lat' dir='ltr'>si</span> <span class='ocrx_word' id='word_1_359' title='bbox 1250 3726 1356 3783; x_wconf 88' lang='lat' dir='ltr'>autem</span> <span class='ocrx_word' id='word_1_360' title='bbox 1379 3720 1443 3782; x_wconf 94' lang='lat' dir='ltr'>duo</span> <span class='ocrx_word' id='word_1_361' title='bbox 1465 3724 1556 3799; x_wconf 90' lang='lat' dir='ltr'>sunt,</span> <span class='ocrx_word' id='word_1_362' title='bbox 1579 3718 1764 3795; x_wconf 78' lang='lat' dir='ltr'>similiter;⁵</span> <span class='ocrx_word' id='word_1_363' title='bbox 1786 3723 1811 3783; x_wconf 92' lang='lat' dir='ltr'>si</span> <span class='ocrx_word' id='word_1_364' title='bbox 1835 3728 1892 3784; x_wconf 84' lang='lat' dir='ltr'>tres</span> 
     </span>
     <span class='ocr_line' id='line_1_34' title="bbox 281 3823 1893 3908; baseline 0 -23"><span class='ocrx_word' id='word_1_365' title='bbox 281 3823 413 3903; x_wconf 86' lang='lat' dir='ltr'>fuerint,</span> <span class='ocrx_word' id='word_1_366' title='bbox 435 3843 522 3886; x_wconf 90' lang='lat' dir='ltr'>unus</span> <span class='ocrx_word' id='word_1_367' title='bbox 544 3832 718 3887; x_wconf 87' lang='lat' dir='ltr'>remaneat:</span> <span class='ocrx_word' id='word_1_368' title='bbox 742 3832 772 3886; x_wconf 91' lang='lat' dir='ltr'>et</span> <span class='ocrx_word' id='word_1_369' title='bbox 793 3824 820 3886; x_wconf 88' lang='lat' dir='ltr'>si</span> <span class='ocrx_word' id='word_1_370' title='bbox 838 3823 923 3886; x_wconf 90' lang='lat' dir='ltr'>ultra</span> <span class='ocrx_word' id='word_1_371' title='bbox 943 3829 1007 3887; x_wconf 90' lang='lat' dir='ltr'>tres</span> <span class='ocrx_word' id='word_1_372' title='bbox 1028 3842 1184 3886; x_wconf 88' lang='lat' dir='ltr'>numerus</span> <span class='ocrx_word' id='word_1_373' title='bbox 1202 3823 1336 3885; x_wconf 73' lang='lat' dir='ltr'>hamum</span> <span class='ocrx_word' id='word_1_374' title='bbox 1349 3823 1500 3901; x_wconf 87' lang='lat' dir='ltr'>creverit,</span> <span class='ocrx_word' id='word_1_375' title='bbox 1520 3841 1608 3885; x_wconf 91' lang='lat' dir='ltr'>unus</span> <span class='ocrx_word' id='word_1_376' title='bbox 1628 3841 1754 3906; x_wconf 89' lang='lat' dir='ltr'>semper</span> <span class='ocrx_word' id='word_1_377' title='bbox 1775 3831 1893 3908; x_wconf 91' lang='lat' dir='ltr'>propter</span> 
     </span>
     <span class='ocr_line' id='line_1_35' title="bbox 277 3923 1892 4008; baseline -0.001 -20"><span class='ocrx_word' id='word_1_378' title='bbox 277 3926 486 3989; x_wconf 86' lang='lat' dir='ltr'>domesticam</span> <span class='ocrx_word' id='word_1_379' title='bbox 511 3946 620 3988; x_wconf 91' lang='lat' dir='ltr'>curam</span> <span class='ocrx_word' id='word_1_380' title='bbox 640 3934 735 4008; x_wconf 91' lang='lat' dir='ltr'>atque</span> <span class='ocrx_word' id='word_1_381' title='bbox 756 3945 864 3989; x_wconf 90' lang='lat' dir='ltr'>rernm</span> <span class='ocrx_word' id='word_1_382' title='bbox 886 3926 1107 3988; x_wconf 91' lang='lat' dir='ltr'>communium</span> <span class='ocrx_word' id='word_1_383' title='bbox 1129 3924 1340 3988; x_wconf 81' lang='lat' dir='ltr'>excolentiam</span> <span class='ocrx_word' id='word_1_384' title='bbox 1366 3931 1536 3988; x_wconf 86' lang='lat' dir='ltr'>remaneat</span> <span class='ocrx_word' id='word_1_385' title='bbox 1584 3923 1618 3988; x_wconf 86' lang='lat' dir='ltr'>Si</span> <span class='ocrx_word' id='word_1_386' title='bbox 1644 3943 1721 3988; x_wconf 87' lang='lat' dir='ltr'>vero</span> <span class='ocrx_word' id='word_1_387' title='bbox 1743 3927 1892 3990; x_wconf 89' lang='lat' dir='ltr'>intereos</span> 
     </span>
     <span class='ocr_line' id='line_1_36' title="bbox 277 4026 1921 4111; baseline -0.002 -21"><span class='ocrx_word' id='word_1_388' title='bbox 277 4026 388 4109; x_wconf 87' lang='lat' dir='ltr'>aliqua</span> <span class='ocrx_word' id='word_1_389' title='bbox 417 4036 484 4092; x_wconf 87' lang='lat' dir='ltr'>orta</span> <span class='ocrx_word' id='word_1_390' title='bbox 514 4029 610 4091; x_wconf 84' lang='lat' dir='ltr'>fuerit</span> <span class='ocrx_word' id='word_1_391' title='bbox 636 4030 811 4106; x_wconf 90' lang='lat' dir='ltr'>contentio,</span> <span class='ocrx_word' id='word_1_392' title='bbox 845 4030 918 4111; x_wconf 89' lang='lat' dir='ltr'>quis</span> <span class='ocrx_word' id='word_1_393' title='bbox 948 4047 1058 4091; x_wconf 88' lang='lat' dir='ltr'>eorum</span> <span class='ocrx_word' id='word_1_394' title='bbox 1086 4026 1320 4110; x_wconf 85' lang='lat' dir='ltr'>expeditionem</span> <span class='ocrx_word' id='word_1_395' title='bbox 1344 4027 1447 4090; x_wconf 88' lang='lat' dir='ltr'>facere</span> <span class='ocrx_word' id='word_1_396' title='bbox 1475 4026 1603 4107; x_wconf 89' lang='lat' dir='ltr'>debeat,</span> <span class='ocrx_word' id='word_1_397' title='bbox 1629 4027 1837 4110; x_wconf 87' lang='lat' dir='ltr'>prohibemus</span> <span class='ocrx_word' id='word_1_398' title='bbox 1862 4038 1921 4091; x_wconf 77' lang='lat' dir='ltr'>uta</span> 
     </span>
     <span class='ocr_line' id='line_1_37' title="bbox 284 4128 1891 4214; baseline 0.001 -22"><span class='ocrx_word' id='word_1_399' title='bbox 284 4148 377 4192; x_wconf 89' lang='lat' dir='ltr'>nemo</span> <span class='ocrx_word' id='word_1_400' title='bbox 398 4130 524 4193; x_wconf 90' lang='lat' dir='ltr'>illorum</span> <span class='ocrx_word' id='word_1_401' title='bbox 548 4140 718 4194; x_wconf 89' lang='lat' dir='ltr'>remaneat.</span> <span class='ocrx_word' id='word_1_402' title='bbox 761 4131 798 4194; x_wconf 95' lang='lat' dir='ltr'>In</span> <span class='ocrx_word' id='word_1_403' title='bbox 822 4139 925 4194; x_wconf 88' lang='lat' dir='ltr'>aetate</span> <span class='ocrx_word' id='word_1_404' title='bbox 946 4150 1074 4214; x_wconf 91' lang='lat' dir='ltr'>quoquo</span> <span class='ocrx_word' id='word_1_405' title='bbox 1095 4129 1222 4192; x_wconf 91' lang='lat' dir='ltr'>illorum</span> <span class='ocrx_word' id='word_1_406' title='bbox 1234 4128 1286 4192; x_wconf 88' lang='lat' dir='ltr'>lex</span> <span class='ocrx_word' id='word_1_407' title='bbox 1301 4130 1426 4212; x_wconf 87' lang='lat' dir='ltr'>propria</span> <span class='ocrx_word' id='word_1_408' title='bbox 1450 4136 1601 4193; x_wconf 89' lang='lat' dir='ltr'>servetur.</span> <span class='ocrx_word' id='word_1_409' title='bbox 1642 4128 1797 4194; x_wconf 86' lang='lat' dir='ltr'>Similiter</span> <span class='ocrx_word' id='word_1_410' title='bbox 1813 4137 1844 4195; x_wconf 92' lang='lat' dir='ltr'>et</span> <span class='ocrx_word' id='word_1_411' title='bbox 1862 4133 1891 4193; x_wconf 93' lang='lat' dir='ltr'>in</span> 
     </span>
     <span class='ocr_line' id='line_1_38' title="bbox 279 4231 1014 4315; baseline 0.001 -22"><span class='ocrx_word' id='word_1_412' title='bbox 279 4231 451 4315; x_wconf 83' lang='lat' dir='ltr'>nepotibus</span> <span class='ocrx_word' id='word_1_413' title='bbox 471 4252 581 4296; x_wconf 91' lang='lat' dir='ltr'>eorum</span> <span class='ocrx_word' id='word_1_414' title='bbox 603 4234 679 4297; x_wconf 88' lang='lat' dir='ltr'>haee</span> <span class='ocrx_word' id='word_1_415' title='bbox 700 4234 839 4297; x_wconf 91' lang='lat' dir='ltr'>conditio</span> <span class='ocrx_word' id='word_1_416' title='bbox 861 4238 1014 4298; x_wconf 88' lang='lat' dir='ltr'>teneatur.</span> 
     </span>
    </p>

    <p class='ocr_par' dir='ltr' id='par_1_10' title="bbox 279 4333 1930 4723">
     <span class='ocr_line' id='line_1_39' title="bbox 382 4333 1895 4417; baseline 0.002 -22"><span class='ocrx_word' id='word_1_417' title='bbox 382 4333 429 4395; x_wconf 75' lang='lat'>7.¹¹</span> <span class='ocrx_word' id='word_1_418' title='bbox 472 4333 515 4397; x_wconf 94' lang='lat' dir='ltr'>Ut</span> <span class='ocrx_word' id='word_1_419' title='bbox 536 4336 568 4396; x_wconf 92' lang='lat' dir='ltr'>in</span> <span class='ocrx_word' id='word_1_420' title='bbox 593 4335 809 4398; x_wconf 85' lang='lat' dir='ltr'>testimonium</span> <span class='ocrx_word' id='word_1_421' title='bbox 832 4354 895 4397; x_wconf 94' lang='lat' dir='ltr'>non</span> <span class='ocrx_word' id='word_1_422' title='bbox 919 4335 1111 4417; x_wconf 86' lang='lat' dir='ltr'>recipiantur</span> <span class='ocrx_word' id='word_1_423' title='bbox 1132 4334 1170 4397; x_wconf 91' lang='lat' dir='ltr'>de</span> <span class='ocrx_word' id='word_1_424' title='bbox 1191 4333 1240 4396; x_wconf 91' lang='lat' dir='ltr'>his</span> <span class='ocrx_word' id='word_1_425' title='bbox 1261 4334 1421 4417; x_wconf 87' lang='lat' dir='ltr'>capitulis,</span> <span class='ocrx_word' id='word_1_426' title='bbox 1446 4335 1479 4397; x_wconf 93' lang='lat' dir='ltr'>id</span> <span class='ocrx_word' id='word_1_427' title='bbox 1500 4340 1548 4398; x_wconf 90' lang='lat' dir='ltr'>est</span> <span class='ocrx_word' id='word_1_428' title='bbox 1568 4334 1607 4398; x_wconf 94' lang='lat' dir='ltr'>de</span> <span class='ocrx_word' id='word_1_429' title='bbox 1627 4333 1772 4398; x_wconf 87' lang='lat' dir='ltr'>libertate</span> <span class='ocrx_word' id='word_1_430' title='bbox 1793 4335 1841 4399; x_wconf 87' lang='lat' dir='ltr'>vel</span> <span class='ocrx_word' id='word_1_431' title='bbox 1859 4335 1895 4398; x_wconf 90' lang='lat' dir='ltr'>de</span> 
     </span>
     <span class='ocr_line' id='line_1_40' title="bbox 286 4434 1894 4520; baseline 0 -22"><span class='ocrx_word' id='word_1_432' title='bbox 286 4434 458 4498; x_wconf 88' lang='lat' dir='ltr'>hereditate</span> <span class='ocrx_word' id='word_1_433' title='bbox 476 4435 527 4498; x_wconf 83' lang='lat' dir='ltr'>vel</span> <span class='ocrx_word' id='word_1_434' title='bbox 548 4435 586 4497; x_wconf 91' lang='lat' dir='ltr'>de</span> <span class='ocrx_word' id='word_1_435' title='bbox 607 4437 794 4518; x_wconf 90' lang='lat' dir='ltr'>proprietate</span> <span class='ocrx_word' id='word_1_436' title='bbox 817 4437 849 4498; x_wconf 93' lang='lat' dir='ltr'>in</span> <span class='ocrx_word' id='word_1_437' title='bbox 871 4436 1037 4520; x_wconf 88' lang='lat' dir='ltr'>mancipiis</span> <span class='ocrx_word' id='word_1_438' title='bbox 1058 4442 1089 4499; x_wconf 92' lang='lat' dir='ltr'>et</span> <span class='ocrx_word' id='word_1_439' title='bbox 1110 4436 1200 4499; x_wconf 91' lang='lat' dir='ltr'>terris</span> <span class='ocrx_word' id='word_1_440' title='bbox 1213 4437 1280 4499; x_wconf 86' lang='lat' dir='ltr'>sive</span> <span class='ocrx_word' id='word_1_441' title='bbox 1300 4435 1339 4498; x_wconf 89' lang='lat' dir='ltr'>dc</span> <span class='ocrx_word' id='word_1_442' title='bbox 1356 4435 1526 4498; x_wconf 89' lang='lat' dir='ltr'>homicidio</span> <span class='ocrx_word' id='word_1_443' title='bbox 1547 4443 1579 4500; x_wconf 90' lang='lat' dir='ltr'>et</span> <span class='ocrx_word' id='word_1_444' title='bbox 1598 4435 1762 4516; x_wconf 90' lang='lat' dir='ltr'>incendio,</span> <span class='ocrx_word' id='word_1_445' title='bbox 1783 4436 1828 4499; x_wconf 91' lang='lat' dir='ltr'>illi</span> <span class='ocrx_word' id='word_1_446' title='bbox 1843 4437 1894 4520; x_wconf 90' lang='lat' dir='ltr'>qui</span> 
     </span>
     <span class='ocr_line' id='line_1_41' title="bbox 290 4536 1930 4622; baseline 0.001 -23"><span class='ocrx_word' id='word_1_447' title='bbox 290 4556 354 4599; x_wconf 95' lang='lat' dir='ltr'>non</span> <span class='ocrx_word' id='word_1_448' title='bbox 379 4536 509 4615; x_wconf 89' lang='lat' dir='ltr'>habent,</span> <span class='ocrx_word' id='word_1_449' title='bbox 531 4539 557 4601; x_wconf 89' lang='lat' dir='ltr'>si</span> <span class='ocrx_word' id='word_1_450' title='bbox 579 4539 715 4601; x_wconf 85' lang='lat' dir='ltr'>convicti</span> <span class='ocrx_word' id='word_1_451' title='bbox 736 4538 855 4602; x_wconf 86' lang='lat' dir='ltr'>fuerint</span> <span class='ocrx_word' id='word_1_452' title='bbox 875 4538 990 4603; x_wconf 88' lang='lat' dir='ltr'>falsum</span> <span class='ocrx_word' id='word_1_453' title='bbox 1013 4539 1132 4602; x_wconf 86' lang='lat' dir='ltr'>dixisse</span> <span class='ocrx_word' id='word_1_454' title='bbox 1142 4538 1376 4618; x_wconf 87' lang='lat' dir='ltr'>testimonium,</span> <span class='ocrx_word' id='word_1_455' title='bbox 1398 4538 1483 4601; x_wconf 89' lang='lat' dir='ltr'>unde</span> <span class='ocrx_word' id='word_1_456' title='bbox 1502 4538 1680 4601; x_wconf 88' lang='lat' dir='ltr'>seeundum</span> <span class='ocrx_word' id='word_1_457' title='bbox 1701 4537 1803 4622; x_wconf 86' lang='lat' dir='ltr'>legem</span> <span class='ocrx_word' id='word_1_458' title='bbox 1825 4558 1930 4603; x_wconf 83' lang='lat' dir='ltr'>eon-o</span> 
     </span>
     <span class='ocr_line' id='line_1_42' title="bbox 279 4639 917 4723; baseline -0.006 -21"><span class='ocrx_word' id='word_1_459' title='bbox 279 4640 472 4722; x_wconf 87' lang='lat' dir='ltr'>positionem</span> <span class='ocrx_word' id='word_1_460' title='bbox 494 4639 617 4722; x_wconf 89' lang='lat' dir='ltr'>plenam</span> <span class='ocrx_word' id='word_1_461' title='bbox 638 4640 768 4704; x_wconf 89' lang='lat' dir='ltr'>reddere</span> <span class='ocrx_word' id='word_1_462' title='bbox 788 4642 917 4723; x_wconf 88' lang='lat' dir='ltr'>possint.</span> 
     </span>
    </p>
   </div>
   <div class='ocr_carea' id='block_1_5' title="bbox 281 4845 1937 5160">
    <p class='ocr_par' dir='ltr' id='par_1_11' title="bbox 281 4845 1937 5160">
     <span class='ocr_line' id='line_1_43' title="bbox 384 4845 1897 4919; baseline 0.002 -18"><span class='ocrx_word' id='word_1_463' title='bbox 384 4845 413 4918; x_wconf 81' lang='lat' dir='ltr'>d)</span> <span class='ocrx_word' id='word_1_464' title='bbox 436 4867 523 4919; x_wconf 90' lang='lat' dir='ltr'>usque</span> <span class='ocrx_word' id='word_1_465' title='bbox 539 4867 594 4919; x_wconf 92' lang='lat' dir='ltr'>quo</span> <span class='ocrx_word' id='word_1_466' title='bbox 612 4866 775 4918; x_wconf 87' lang='lat' dir='ltr'>recuperare</span> <span class='ocrx_word' id='word_1_467' title='bbox 789 4850 900 4904; x_wconf 85' lang='lat' dir='ltr'>valcant</span> <span class='ocrx_word' id='word_1_468' title='bbox 914 4851 939 4903; x_wconf 83' lang='lat' dir='ltr'>o.</span> <span class='ocrx_word' id='word_1_469' title='bbox 953 4850 998 4904; x_wconf 87' lang='lat'>10.</span> <span class='ocrx_word' id='word_1_470' title='bbox 1060 4849 1088 4919; x_wconf 82' lang='lat' dir='ltr'>e)</span> <span class='ocrx_word' id='word_1_471' title='bbox 1111 4848 1258 4904; x_wconf 88' lang='lat' dir='ltr'>Deliberis</span> <span class='ocrx_word' id='word_1_472' title='bbox 1272 4847 1434 4902; x_wconf 86' lang='lat' dir='ltr'>hominibus</span> <span class='ocrx_word' id='word_1_473' title='bbox 1447 4848 1561 4901; x_wconf 67' lang='lat' dir='ltr'>minin</span> <span class='ocrx_word' id='word_1_474' title='bbox 1576 4848 1603 4905; x_wconf 84' lang='grc'>7.</span> <span class='ocrx_word' id='word_1_475' title='bbox 1621 4849 1646 4903; x_wconf 87' lang='grc'>8.</span> <span class='ocrx_word' id='word_1_476' title='bbox 1716 4848 1897 4919; x_wconf 67' lang='grc' dir='ltr'>ῆᾶοιιιωὶῐ.</span> 
     </span>
     <span class='ocr_line' id='line_1_44' title="bbox 281 4925 1898 5002; baseline 0.002 -23"><span class='ocrx_word' id='word_1_477' title='bbox 281 4925 314 4998; x_wconf 84' lang='lat' dir='ltr'>gl</span> <span class='ocrx_word' id='word_1_478' title='bbox 339 4928 381 4981; x_wconf 89' lang='lat' dir='ltr'>De</span> <span class='ocrx_word' id='word_1_479' title='bbox 397 4929 488 4982; x_wconf 86' lang='lat' dir='ltr'>laicali</span> <span class='ocrx_word' id='word_1_480' title='bbox 506 4928 580 4996; x_wconf 83' lang='lat' dir='ltr'>(laici</span> <span class='ocrx_word' id='word_1_481' title='bbox 592 4929 620 4998; x_wconf 73' lang='lat'>8)</span> <span class='ocrx_word' id='word_1_482' title='bbox 639 4928 735 4983; x_wconf 89' lang='lat' dir='ltr'>ordine</span> <span class='ocrx_word' id='word_1_483' title='bbox 751 4931 825 4982; x_wconf 80' lang='lat' dir='ltr'>rubr.</span> <span class='ocrx_word' id='word_1_484' title='bbox 835 4930 940 4996; x_wconf 56' lang='lat' dir='ltr'>aaa&amp;</span> <span class='ocrx_word' id='word_1_485' title='bbox 974 4930 1017 4984; x_wconf 90' lang='lat' dir='ltr'>De</span> <span class='ocrx_word' id='word_1_486' title='bbox 1031 4930 1172 5002; x_wconf 86' lang='lat' dir='ltr'>eruptione</span> <span class='ocrx_word' id='word_1_487' title='bbox 1182 4930 1207 4983; x_wconf 87' lang='grc'>9.</span> <span class='ocrx_word' id='word_1_488' title='bbox 1279 4930 1311 4996; x_wconf 82' lang='lat' dir='ltr'>h)</span> <span class='ocrx_word' id='word_1_489' title='bbox 1333 4928 1434 4998; x_wconf 70' lang='lat' dir='ltr'>raiol,</span> <span class='ocrx_word' id='word_1_490' title='bbox 1510 4925 1532 5000; x_wconf 88' lang='lat' dir='ltr'>i)</span> <span class='ocrx_word' id='word_1_491' title='bbox 1553 4928 1729 4984; x_wconf 82' lang='lat' dir='ltr'>Defratnrm</span> <span class='ocrx_word' id='word_1_492' title='bbox 1746 4931 1898 4986; x_wconf 68' lang='lat' dir='ltr'>heradituh·</span> 
     </span>
     <span class='ocr_line' id='line_1_45' title="bbox 283 5006 1898 5081; baseline 0.004 -24"><span class='ocrx_word' id='word_1_493' title='bbox 283 5007 464 5061; x_wconf 61' lang='lat' dir='ltr'>ramanae.</span> <span class='ocrx_word' id='word_1_494' title='bbox 512 5007 543 5076; x_wconf 72' lang='lat' dir='ltr'>k)</span> <span class='ocrx_word' id='word_1_495' title='bbox 564 5008 732 5063; x_wconf 79' lang='lat' dir='ltr'>Rornanisti.</span> <span class='ocrx_word' id='word_1_496' title='bbox 784 5011 807 5071; x_wconf 78' lang='lat' dir='ltr'>l)</span> <span class='ocrx_word' id='word_1_497' title='bbox 827 5008 1014 5065; x_wconf 84' lang='lat' dir='ltr'>fideiussorem</span> <span class='ocrx_word' id='word_1_498' title='bbox 1025 5012 1051 5063; x_wconf 86' lang='lat'>3.</span> <span class='ocrx_word' id='word_1_499' title='bbox 1061 5011 1088 5062; x_wconf 86' lang='lat'>6.</span> <span class='ocrx_word' id='word_1_500' title='bbox 1136 5010 1177 5079; x_wconf 80' lang='lat' dir='ltr'>m)</span> <span class='ocrx_word' id='word_1_501' title='bbox 1197 5008 1376 5066; x_wconf 76' lang='lat' dir='ltr'>inveniantd.</span> <span class='ocrx_word' id='word_1_502' title='bbox 1429 5006 1460 5078; x_wconf 84' lang='lat' dir='ltr'>n)</span> <span class='ocrx_word' id='word_1_503' title='bbox 1481 5015 1510 5063; x_wconf 91' lang='lat' dir='ltr'>et</span> <span class='ocrx_word' id='word_1_504' title='bbox 1520 5009 1546 5062; x_wconf 87' lang='lat'>3.</span> <span class='ocrx_word' id='word_1_505' title='bbox 1556 5009 1581 5063; x_wconf 88' lang='grc'>6.</span> <span class='ocrx_word' id='word_1_506' title='bbox 1639 5010 1669 5078; x_wconf 79' lang='lat' dir='ltr'>o)</span> <span class='ocrx_word' id='word_1_507' title='bbox 1690 5010 1898 5081; x_wconf 63' lang='lat' dir='ltr'>penetraret.</span> 
     </span>
     <span class='ocr_line' id='line_1_46' title="bbox 283 5085 1937 5160; baseline 0.005 -21"><span class='ocrx_word' id='word_1_508' title='bbox 283 5087 314 5157; x_wconf 81' lang='lat' dir='ltr'>pl</span> <span class='ocrx_word' id='word_1_509' title='bbox 335 5085 526 5142; x_wconf 78' lang='lat' dir='ltr'>fideiussorum</span> <span class='ocrx_word' id='word_1_510' title='bbox 538 5088 562 5141; x_wconf 88' lang='lat'>1.</span> <span class='ocrx_word' id='word_1_511' title='bbox 573 5090 597 5142; x_wconf 84' lang='lat'>6.</span> <span class='ocrx_word' id='word_1_512' title='bbox 639 5087 671 5159; x_wconf 77' lang='lat' dir='ltr'>ql</span> <span class='ocrx_word' id='word_1_513' title='bbox 693 5088 725 5140; x_wconf 81' lang='lat' dir='ltr'>Ia</span> <span class='ocrx_word' id='word_1_514' title='bbox 735 5092 817 5143; x_wconf 79' lang='lat' dir='ltr'>codd.</span> <span class='ocrx_word' id='word_1_515' title='bbox 829 5090 854 5143; x_wconf 82' lang='lat'>5.</span> <span class='ocrx_word' id='word_1_516' title='bbox 865 5091 882 5143; x_wconf 86' lang='grc'><strong>6</strong></span> <span class='ocrx_word' id='word_1_517' title='bbox 892 5092 935 5143; x_wconf 81' lang='lat' dir='ltr'>hic</span> <span class='ocrx_word' id='word_1_518' title='bbox 944 5092 1070 5144; x_wconf 72' lang='lat' dir='ltr'>imeritur</span> <span class='ocrx_word' id='word_1_519' title='bbox 1078 5099 1160 5160; x_wconf 75' lang='lat' dir='ltr'>crepat</span> <span class='ocrx_word' id='word_1_520' title='bbox 1168 5088 1205 5144; x_wconf 87' lang='grc'>16</span> <span class='ocrx_word' id='word_1_521' title='bbox 1216 5091 1358 5143; x_wconf 77' lang='lat' dir='ltr'>rrrcruoriue</span> <span class='ocrx_word' id='word_1_522' title='bbox 1369 5089 1528 5143; x_wconf 69' lang='lat' dir='ltr'>Ohrarrenarb</span> <span class='ocrx_word' id='word_1_523' title='bbox 1535 5107 1580 5143; x_wconf 85' lang='lat' dir='ltr'>ao.</span> <span class='ocrx_word' id='word_1_524' title='bbox 1591 5089 1897 5147; x_wconf 63' lang='lat' dir='ltr'>baccaudarum</span> <span class='ocrx_word' id='word_1_525' title='bbox 1907 5110 1937 5151; x_wconf 71' lang='lat' dir='ltr'>aa</span> 
     </span>
    </p>
   </div>
   <div class='ocr_carea' id='block_1_6' title="bbox 283 5166 1898 5300">
    <p class='ocr_par' dir='ltr' id='par_1_12' title="bbox 283 5166 1898 5300">
     <span class='ocr_line' id='line_1_47' title="bbox 283 5166 1898 5300; baseline 0.006 -81"><span class='ocrx_word' id='word_1_526' title='bbox 283 5166 307 5234; x_wconf 81' lang='lat' dir='ltr'>r)</span> <span class='ocrx_word' id='word_1_527' title='bbox 319 5167 458 5300; x_wconf 50' lang='lat' dir='ltr'>&#39;sortiatlug</span> <span class='ocrx_word' id='word_1_528' title='bbox 462 5167 486 5221; x_wconf 84' lang='lat'>5.</span> <span class='ocrx_word' id='word_1_529' title='bbox 496 5168 576 5221; x_wconf 88' lang='grc'>6.10.</span> <span class='ocrx_word' id='word_1_530' title='bbox 618 5166 643 5240; x_wconf 87' lang='lat' dir='ltr'>s)</span> <span class='ocrx_word' id='word_1_531' title='bbox 665 5172 845 5228; x_wconf 58' lang='lat' dir='ltr'>veroum.</span> <span class='ocrx_word' id='word_1_532' title='bbox 888 5177 912 5239; x_wconf 84' lang='lat' dir='ltr'>t)</span> <span class='ocrx_word' id='word_1_533' title='bbox 933 5171 976 5225; x_wconf 92' lang='lat' dir='ltr'>De</span> <span class='ocrx_word' id='word_1_534' title='bbox 985 5171 1117 5226; x_wconf 68' lang='lat' dir='ltr'>trabibus</span> <span class='ocrx_word' id='word_1_535' title='bbox 1126 5188 1273 5225; x_wconf 88' lang='lat' dir='ltr'>eomruuno</span> <span class='ocrx_word' id='word_1_536' title='bbox 1282 5170 1521 5225; x_wconf 71' lang='lat' dir='ltr'>viventibusmlae.</span> <span class='ocrx_word' id='word_1_537' title='bbox 1530 5172 1559 5223; x_wconf 83' lang='lat' dir='ltr'>r&#39;a</span> <span class='ocrx_word' id='word_1_538' title='bbox 1569 5169 1593 5224; x_wconf 85' lang='grc'>7.</span> <span class='ocrx_word' id='word_1_539' title='bbox 1603 5170 1629 5224; x_wconf 85' lang='grc'>8,</span> <span class='ocrx_word' id='word_1_540' title='bbox 1675 5177 1708 5237; x_wconf 91' lang='lat' dir='ltr'>u)</span> <span class='ocrx_word' id='word_1_541' title='bbox 1729 5170 1898 5229; x_wconf 73' lang='lat' dir='ltr'>Detestibnn</span> 
     </span>
     <span class='ocr_line' id='line_1_48' title="bbox 284 5264 466 5300; baseline 0.011 -3"><span class='ocrx_word' id='word_1_542' title='bbox 284 5264 396 5298; x_wconf 64' lang='lat' dir='ltr'>rutam</span> <span class='ocrx_word' id='word_1_543' title='bbox 424 5288 430 5300; x_wconf 91' lang='lat'>.</span> <span class='ocrx_word' id='word_1_544' title='bbox 460 5289 466 5299; x_wconf 84' lang='lat'><strong>.</strong></span> 
     </span>
    </p>
   </div>
   <div class='ocr_carea' id='block_1_7' title="bbox 388 5440 1895 5519">
    <p class='ocr_par' dir='ltr' id='par_1_13' title="bbox 388 5440 1895 5519">
     <span class='ocr_line' id='line_1_49' title="bbox 388 5440 1895 5519; baseline 0.008 -26"><span class='ocrx_word' id='word_1_545' title='bbox 388 5442 419 5504; x_wconf 75' lang='lat' dir='ltr'>ll</span> <span class='ocrx_word' id='word_1_546' title='bbox 442 5440 502 5511; x_wconf 74' lang='lat' dir='ltr'>CJr.</span> <span class='ocrx_word' id='word_1_547' title='bbox 514 5461 599 5514; x_wconf 72' lang='lat' dir='ltr'>aqna</span> <span class='ocrx_word' id='word_1_548' title='bbox 607 5444 648 5515; x_wconf 82' lang='lat' dir='ltr'>(p.</span> <span class='ocrx_word' id='word_1_549' title='bbox 659 5443 734 5510; x_wconf 77' lang='lat'>325)</span> <span class='ocrx_word' id='word_1_550' title='bbox 747 5467 808 5519; x_wconf 86' lang='lat' dir='ltr'>cop.</span> <span class='ocrx_word' id='word_1_551' title='bbox 817 5451 852 5501; x_wconf 82' lang='lat' dir='ltr'>de</span> <span class='ocrx_word' id='word_1_552' title='bbox 860 5450 953 5519; x_wconf 62' lang='lat' dir='ltr'>erpmd.</span> <span class='ocrx_word' id='word_1_553' title='bbox 965 5448 1114 5502; x_wconf 75' lang='lat' dir='ltr'>Coreicurru</span> <span class='ocrx_word' id='word_1_554' title='bbox 1123 5447 1191 5517; x_wconf 76' lang='lat'>825,</span> <span class='ocrx_word' id='word_1_555' title='bbox 1201 5466 1224 5500; x_wconf 88' lang='lat' dir='ltr'>c.</span> <span class='ocrx_word' id='word_1_556' title='bbox 1234 5447 1260 5500; x_wconf 87' lang='lat'>3.</span> <span class='ocrx_word' id='word_1_557' title='bbox 1309 5447 1340 5516; x_wconf 79' lang='lat'>2)</span> <span class='ocrx_word' id='word_1_558' title='bbox 1363 5447 1501 5502; x_wconf 80' lang='lat' dir='ltr'>Memoria</span> <span class='ocrx_word' id='word_1_559' title='bbox 1512 5448 1895 5513; x_wconf 57' lang='lat' dir='ltr'>oteramo-ww.</span> 
     </span>
    </p>
   </div>
   <div class='ocr_carea' id='block_1_8' title="bbox 283 5540 1895 5693">
    <p class='ocr_par' dir='ltr' id='par_1_14' title="bbox 283 5540 1895 5693">
     <span class='ocr_line' id='line_1_50' title="bbox 283 5540 1895 5623; baseline 0.006 -28"><span class='ocrx_word' id='word_1_560' title='bbox 283 5541 366 5595; x_wconf 68' lang='lat' dir='ltr'>cll.</span> <span class='ocrx_word' id='word_1_561' title='bbox 408 5541 440 5612; x_wconf 86' lang='lat'>3)</span> <span class='ocrx_word' id='word_1_562' title='bbox 453 5540 1023 5620; x_wconf 69' lang='lat' dir='ltr'>Cbp.dclop.Rr&#39;Inurr.803(p.117),c.3.</span> <span class='ocrx_word' id='word_1_563' title='bbox 1065 5545 1095 5615; x_wconf 79' lang='lat'>4)</span> <span class='ocrx_word' id='word_1_564' title='bbox 1112 5540 1725 5623; x_wconf 68' lang='lat' dir='ltr'>cap.lap‘d.a‹td.818.819(1a288).ell.</span> <span class='ocrx_word' id='word_1_565' title='bbox 1768 5544 1895 5623; x_wconf 49' lang='lat' dir='ltr'>EM*</span> 
     </span>
     <span class='ocr_line' id='line_1_51' title="bbox 283 5640 396 5693; baseline 0.009 -1"><span class='ocrx_word' id='word_1_566' title='bbox 283 5640 396 5693; x_wconf 71' lang='lat' dir='ltr'>zardane</span> 
     </span>
    </p>
   </div>
   <div class='ocr_carea' id='block_1_9' title="bbox 0 0 2202 6244">
    <p class='ocr_par' dir='ltr' id='par_1_15' title="bbox 0 0 2202 6244">
     <span class='ocr_line' id='line_1_52' title="bbox 0 0 2202 6244; baseline 0 0"><span class='ocrx_word' id='word_1_567' title='bbox 0 0 2202 6244; x_wconf 95' lang='lat' dir='ltr'> </span> 
     </span>
    </p>
   </div>
  </div>
 </body>
</html>
