4380 6248
266 349 327 414 358
731 350 1016 408 ADDITAMENTA
1036 351 1091 406 AD
1112 348 1340 408 HLUDOWICI
1361 349 1417 404 1³11

373 531 400 592 4.
442 528 503 593 Sed
523 530 599 613 quia
620 528 811 592 omnimodis
832 527 974 591 doctrina
995 527 1103 590 minus
1124 525 1244 590 utiliter
1262 526 1382 609 agitur,
1410 525 1437 588 si
1461 524 1598 607 qualiter
1617 524 1668 588 nis
1690 525 1748 607 qui
1768 523 1880 590 dooere

268 631 403 695 debeant
429 630 569 694 discendi
599 631 795 713 oportunitas
823 649 887 693 non
916 629 1093 705 ordinatur,
1124 647 1254 693 necesse
1283 634 1345 707 est,
1374 627 1487 691 uthis
1513 625 1728 711 praesulibus,
1762 626 1879 711 quibus

269 732 460 796 omnimodis
482 731 596 816 agendi
624 730 758 794 facultas
786 738 842 795 aut
866 730 1012 794 funditus
1040 736 1096 794 aut
1126 736 1209 794 certe
1232 750 1349 813 magna-
1375 749 1417 793 ex
1443 736 1531 813 parte
1556 747 1614 813 per
1638 727 1780 793 dioceses
1807 748 1881 794 snae

270 834 373 914 deest,
394 836 430 897 ab
454 834 614 897 dominisb
636 852 760 913 remm,
782 833 918 917 qualiter
938 833 969 896 id
990 832 1060 896 lieri
1079 850 1219 916 congrue
1239 833 1353 915 possit,
1382 831 1591 913 provideatur.
1633 829 1678 894 Hi
1696 837 1807 895 autem
1827 833 1881 916 qni

269 955 321 999 ros
341 936 567 1000 ecclesiasticas
588 944 643 1000 aut
663 935 868 1019 baptismales
889 937 1016 1001 eclesias
1041 937 1112 1000 iure
1133 954 1191 1000 suo
1213 936 1414 1020 inpromptu
1436 932 1571 1013 habent,
1598 931 1742 996 officinm
1761 933 1884 1017 praedi-
1907 952 1919 991 a

270 1039 403 1101 cationis
422 1039 551 1121 implere
572 1038 697 1101 valent⁶

373 1142 402 1205 5.
445 1138 492 1204 De
512 1140 693 1224 potentibus
713 1141 769 1224 qui
791 1140 830 1204 ad
851 1140 1115 1225 praedicationem
1136 1142 1245 1204 venire
1272 1130 1403 1219 nolunt,
1429 1138 1595 1203 etidcirco
1617 1137 1712 1202 multi
1732 1157 1788 1202 eos
1813 1139 1883 1201 imi·

270 1247 373 1307 tantas
395 1242 445 1306 vel
466 1250 647 1325 sequentes,
675 1243 752 1325 qui‘1
773 1242 814 1305 ad
843 1241 1039 1306 audiendum
1067 1242 1201 1306 verbum
1222 1242 1369 1305 divinum
1396 1242 1506 1305 venire
1527 1239 1719 1320 debuerant,
1746 1241 1883 1304 servitis

272 1344 405 1427 propriis
425 1344 614 1407 detinentur.
657 1343 814 1408 Nonnulli
832 1345 928 1407 etiam
951 1363 992 1408 cx
1021 1344 1098 1428 ipsi-s
1125 1343 1325 1428 presbyteros
1351 1341 1474 1425 absque
1498 1361 1659 1406 consensu
1685 1342 1826 1426 episcopi
1851 1344 1884 1406 in

272 1446 412 1510 ecclesiis
434 1449 632 1510 constituunt
656 1446 706 1510 vel
729 1447 919 1529 expellunt.l
1566 1433 1568 1436 ’
1898 1463 1923 1507 ιο

373 1550 399 1612 6.
441 1547 486 1612 Ut
505 1548 624 1612 heresis
644 1550 816 1613 simoniaca
835 1551 879 1613 ita
890 1555 1051 1631 caveatur,
1074 1555 1184 1613 utnon
1195 1550 1299 1614 solum
1310 1554 1636 1633 proptermunerum⁰
1657 1547 1883 1630 acceptionem.

273 1650 327 1715 sed
348 1668 453 1734 neque
473 1651 747 1733 consanguinitate
766 1651 987 1715 familiaritatis
1007 1657 1064 1714 aut
1075 1651 1245 1716 cuiuslibet
1257 1652 1413 1714 amicitiae
1433 1655 1490 1714 aut
1501 1649 1646 1732 obsequii
1669 1667 1769 1712 causa
1791 1648 1879 1713 dein-

272 1771 345 1837 ceps
367 1754 453 1817 ullus
474 1751 611 1836 prebeat.

375 2000 405 2067 b)
425 2002 585 2055 caconem
592 2001 684 2071 Pcrtz;
697 2002 732 2056 ad
741 2001 862 2056 hominis
870 2019 893 2054 c.
947 1999 974 2071 c)
986 2001 1586 2066 fortoaaccureutoeltaciantamcadondaoa
1648 1999 1681 2069 d)
1703 2000 1882 2071 verbumrup

269 2082 454 2152 plevitPertz;
468 2083 685 2135 dccctiacodr'ce.
747 2083 774 2146 c)
794 2099 940 2136 numerum
949 2099 974 2134 c.
1897 2083 1921 2126 ¹⁸

379 2313 410 2393 1)
434 2320 587 2391 trraeupm
598 2339 628 2391 p.
639 2320 707 2390 277,
721 2339 744 2374 c.
755 2321 781 2375 9.

277 2884 372 2989 175.
409 2880 800 2990 CAPITULA
843 2879 944 2989 AB
984 2878 1359 2990 EPISUOPIS
1403 2876 1883 2988 IMPERATORI

864 3047 1298 3158 PROPOSITA.

1035 3222 1135 3300 aas?

381 3399 553 3503 Lepontur
571 3419 606 3481 ia
625 3418 718 3480 umbo
740 3414 845 3479 codo'oe
868 3415 1012 3479 Gotlarno
1024 3418 1073 3481 84.
1098 3414 1177 3496 folio
1193 3415 1264 3498 fere
1273 3415 1336 3480 390
1355 3426 1385 3479 et
1405 3437 1471 3477 aaa
1490 3435 1696 3476 numerorum
1717 3414 1801 3477 cerie
1819 3435 1885 3477 oon·
1896 3438 1918 3478 a

277 3527 387 3589 abacto
406 3548 476 3587 curn
498 3522 675 3608 capitulari
695 3522 870 3587 Olonnensr’
887 3523 1096 3587 ecclesiastico
1113 3525 1219 3608 primo
1243 3525 1325 3586 orani
1334 3524 1395 3588 825
1414 3545 1517 3606 supro
1532 3544 1568 3606 p.
1585 3522 1645 3586 327
1668 3519 1762 3584 edico.

379 3626 432 3690 an
452 3625 561 3689 horam
583 3627 672 3688 citabo
691 3624 805 3711 collepa'
820 3637 939 3709 potest,
966 3625 1109 3710 capitata
1129 3626 1170 3690 ab
1190 3627 1407 3710 epascoporom
1427 3623 1558 3687 coraca‘lrb
1579 3636 1833 3708 caremtenam,
1853 3633 1888 3686 ut

280 3729 403 3793 domino
424 3728 611 3811 cooperatori
624 3739 873 3811 proponerentur
894 3739 925 3790 et
943 3728 983 3789 ab
1003 3729 1073 3810 a'pao
1083 3728 1350 3807 confirmarentur·
1391 3725 1577 3810 Propinqua
1588 3737 1665 3788 auro
1683 3723 1837 3811 capitulla
1848 3722 1884 3787 do

279 3831 480 3895 monastertio
491 3828 701 3913 r'rarpa'crerrdrs
713 3853 814 3913 aopra
827 3853 864 3914 p.
872 3830 931 3894 321
946 3829 1041 3893 editis
1060 3841 1090 3893 et
1104 3842 1182 3914 post
1200 3853 1319 3892 aarum
1332 3830 1390 3894 817
1415 3827 1509 3913 (Cap.
1523 3827 1596 3904 170)
1618 3827 1677 3891 alla
1697 3840 1802 3892 aetate
1820 3838 1886 3891 orto

278 3932 434 4012 videntur,
455 3954 518 4015 quo
539 3929 747 3994 Hludowa‘cua
767 3942 797 3994 et
811 3930 1002 3994 Hlotborr'ua
1021 3933 1226 4015 r'mperatorer
1245 3932 1343 3995 vitam
1361 3931 1568 3994 monasta'cam
1588 3941 1619 3994 ct
1636 3931 1824 3994 canombom
1841 3952 1884 3993 re
1897 3945 1919 3986 ὃ

270 4035 418 4120 formare
437 4031 634 4096 studuerunt.
674 4032 825 4096 Fortasse
843 4032 987 4118 capetulo
1008 4035 1101 4097 etaiam
1123 4059 1192 4097 com
1214 4033 1459 4118 copa'tcseptimo
1473 4030 1662 4096 Olonnensrb
1676 4033 1787 4117 primi
1802 4032 1884 4116 copi·

281 4136 396 4200 redires
417 4156 499 4196 urano
511 4135 572 4199 8‘25
592 4133 674 4198 editi
689 4134 829 4218 quodam
849 4136 971 4199 rabbae
990 4135 1161 4199 cohaereat.
1283 4134 1336 4215 (B.
1359 4133 1459 4215 dees&
1487 4134 1522 4197 P.
1539 4134 1650 4214 l,249‚
1668 4134 1851 4214 all-13.)

383 4292 541 4401 Videtur
561 4336 668 4407 nobis,
692 4338 719 4400 si
733 4336 861 4400 domino
883 4343 990 4401 nostro
1011 4339 1128 4421 placet,
1149 4344 1184 4401 ut
1202 4337 1401 4421 providentia
1415 4338 1587 4400 missorum
1606 4342 1791 4399 nostrorum
1806 4354 1889 4399 com·

282 4440 423 4519 mitetur,
443 4446 495 4520 ut,
514 4439 710 4521 ubicumque
730 4439 876 4502 monachi
896 4446 952 4503 aut
972 4440 1144 4503 monachae
1155 4440 1249 4503 modo
1269 4446 1360 4522 sunt,
1380 4445 1411 4503 et
1424 4440 1621 4522 oportunitas
1640 4437 1702 4502 loci
1715 4456 1773 4503 seu
1793 4456 1889 4522 quan·

281 4543 354 4606 titas
372 4543 547 4626 permittat,
569 4547 717 4604 maneant
740 4543 774 4603 in
796 4543 864 4625 ipso
886 4544 1052 4625 proposito.
1897 4545 1919 4589 ⁸⁰

382 4646 409 4708 2.
451 4643 514 4707 Ubi
537 4663 611 4706 vero
632 4643 764 4707 fuerunt
786 4651 817 4707 et
837 4663 902 4706 non
924 4650 1014 4719 sunt,
1038 4645 1169 4707 vivantl
1190 4651 1321 4730 excepto
1343 4645 1370 4708 si
1391 4643 1458 4707 XII
1479 4643 1530 4708 vel
1552 4642 1690 4726 amplius
1709 4639 1888 4720 fueriut38i

283 4745 349 4809 XII
370 4749 492 4810 inventi
514 4746 633 4809 tuerint
653 4752 684 4810 et
703 4746 792 4810 locus
813 4765 849 4808 ac
870 4765 920 4809 res
942 4747 1143 4830 permittunt,
1173 4747 1237 4810 sint
1257 4746 1411 4810 monachi
1455 4745 1517 4810 Ubi
1538 4750 1646 4809 autem
1665 4742 1812 4808 dubietas
1832 4746 1886 4820 est,

283 4855 392 4912 utrum
412 4851 562 4913 canonice
584 4868 625 4911 au
653 4848 835 4911 monachice
862 4849 940 4928 sint,
971 4855 1002 4912 et
1030 4850 1227 4932 oportunitas
1255 4848 1315 4912 loci
1341 4855 1398 4912 aut
1426 4848 1587 4932 quantitas
1606 4845 1804 4910 substantiae
1832 4844 1887 4908 hoo

282 4949 352 5014 fieri
371 4954 536 5035 permittit,
558 4952 651 5015 detur
670 4952 716 5014 eis
736 4952 838 5034 optio,
861 4956 969 5014 utrum
989 4952 1162 5014 monastice
1184 4971 1224 5014 an
1247 4952 1398 5015 canonice
1420 4951 1527 5014 rivere
1548 4948 1655 5012 velint

384 5053 412 5117 3.
453 5052 517 5116 Ubi
539 5061 645 5117 autem
664 5053 757 5117 modo
779 5054 929 5117 canonice
957 5060 1046 5133 sunt,
1073 5055 1223 5116 canonice
1250 5058 1464 5136 permaneant
1511 5049 1600 5128 Quae
1617 5055 1726 5115 autem
1746 5049 1914 5114 funditus⁸⁵

284 5153 461 5218 destructae
483 5161 570 5234 sunt,
592 5155 768 5219 secundum
791 5156 999 5238 quantitatem
1021 5173 1128 5218 rerum
1150 5156 1191 5218 sit
1211 5154 1255 5217 ibi
1278 5174 1431 5220 numerus
1452 5154 1688 5218 canonicorum

387 5406 417 5475 1)
438 5408 573 5459 cononice.
