4380 6248
266 358 329 424 450
632 362 808 421 ANSEGISI
831 362 1127 422 CAPITULARIUM
1150 362 1349 419 APPENDIX
1371 363 1520 419 mm

366 539 394 603 4.
435 536 483 602 De
505 559 602 602 cause
625 536 843 603 Rothmundi²
870 540 1009 603 comitis:
1038 544 1075 604 ut
1101 540 1131 604 ei
1152 535 1244 603 liceat
1263 539 1315 603 hio
1335 540 1369 603 in
1390 539 1505 624 poistio
1527 546 1762 604 sacramentum
1785 559 1880 604 suum

267 640 388 719 iurare,
417 640 640 724 quiapropter
661 646 808 704 nostrum
830 641 996 705 servitium
1017 640 1078 704 sibi
1103 642 1313 706 eonstimtum
1339 641 1490 726 placitum
1516 643 1600 706 intra
1620 643 1755 727 petriam
1775 641 1882 707 obser·

265 760 343 805 vare
363 761 427 804 non
449 742 545 806 licuit

365 845 395 910 5.
437 842 486 908 De
506 844 632 908 duabus
651 843 780 908 feminis
806 864 888 928 quae
915 844 1073 909 indiculos
1099 844 1287 909 attulerunt:
1317 845 1532 928 interrogandi
1560 850 1637 910 sunt
1657 844 1832 910 Heiminns
1851 854 1881 910 et

265 944 486 1026 Monoddusb,
507 953 616 1010 utrum
636 946 865 1011 ecclesiastieae
887 966 928 1010 en
948 945 1071 1012 fiscales
1091 947 1237 1011 fuissent
1903 971 1915 1012 s

367 1050 394 1114 6.
438 1046 505 1111 Odo
527 1047 739 1112 buticularius
760 1049 799 1113 de
819 1048 933 1114 foreste
954 1068 1014 1113 sus
1026 1049 1278 1133 interrogandus
1299 1054 1354 1114 est
1435 1122 1437 1126 μ

368 1151 395 1215 7.
436 1148 485 1214 De
505 1149 602 1214 rebus
624 1169 704 1233 quas
726 1150 866 1214 memhio
888 1150 1017 1214 tradidit
1036 1149 1102 1216 filio
1123 1149 1259 1215 Bosonis
1280 1150 1332 1215 vel
1356 1151 1427 1214 aliis
1447 1151 1646 1216 hominibus:
1674 1154 1827 1216 volumus
1846 1159 1881 1216 ut

269 1252 305 1315 hi
326 1251 445 1336 quibus
464 1252 595 1316 traditae
614 1251 734 1316 fuerint
753 1254 939 1316 vestituram
961 1273 1052 1316 susm
1074 1253 1229 1337 accipiant
1249 1259 1281 1317 et
1300 1254 1432 1337 insuper
1451 1252 1734 1318 oonfirmetionem.

370 1357 399 1421 8.
442 1352 490 1418 De
510 1354 607 1418 rebus
631 1373 712 1438 ques
739 1354 895 1437 quaedam
923 1354 1043 1418 femina
1065 1353 1295 1439 Hildegsrdaee
1322 1356 1451 1439 reginae
1477 1355 1620 1435 tradidit,
1645 1361 1677 1420 et
1704 1356 1879 1440 portionem

272 1477 370 1541 quem
395 1456 456 1521 sibi
475 1457 649 1520 reservavit
670 1457 788 1520 iniuste
808 1457 952 1521 amisisse
972 1457 1101 1521 dieitur:
1129 1457 1279 1521 volumus
1299 1464 1336 1521 ut
1356 1462 1443 1521 certo
1462 1456 1639 1521 traditionis
1660 1463 1833 1541 quaeretur
1851 1464 1880 1521 et
1891 1481 1913 1520 ιο

266 1559 456 1644 inspicietur
478 1564 619 1639 ottone,
640 1558 718 1642 quid
739 1558 794 1621 ills
813 1557 928 1622 hebere
951 1558 1076 1638 debeat,
1097 1557 1274 1623 definietur.

369 1662 398 1726 9.
440 1659 607 1736 Querelsm
629 1680 726 1744 quam
737 1658 925 1724 Helisoeher
944 1664 975 1724 et
989 1658 1182 1725 Heiminus‘l
1202 1667 1312 1724 eontra
1322 1659 1554 1745 Maginerium·
1576 1660 1712 1725 habent:
1734 1662 1879 1726 volumus

271 1768 309 1827 ut
326 1764 417 1827 missi
438 1763 538 1826 nostn'
559 1762 737 1826 secundum
758 1762 911 1826 iustitiam
933 1767 965 1825 et
984 1762 1175 1846 aequitatem
1196 1761 1357 1826 definient

373 1866 420 1931 10.
462 1863 511 1928 De
532 1864 661 1947 querele
683 1863 892 1928 Hildebrandi
904 1864 1045 1944 comitis,
1067 1864 1153 1949 quod
1168 1883 1323 1949 pagenses
1332 1865 1403 1929 eius
1412 1865 1603 1949 paravereda
1624 1865 1699 1930 dere
1718 1873 1878 1931 recumnt:

276 1966 425 2031 volumus
445 1972 483 2030 ut
503 1967 562 2029 hoo
582 1967 673 2030 missi
693 1967 793 2030 nostri
814 1965 854 2030 sb
880 1966 931 2029 his
957 1966 1140 2030 hominibus
1167 1967 1223 2050 qui
1251 1967 1285 2030 in
1312 1966 1422 2030 eodem
1451 1968 1603 2031 eomitntu
1630 1975 1764 2032 manent
1789 1974 1821 2033 et
1846 1987 1911 2033 een

270 2069 348 2133 dare
369 2087 435 2132 non
457 2067 586 2148 debent,
612 2087 738 2132 necnon
759 2074 790 2132 et
809 2089 828 2132 e
848 2069 962 2132 vicinis
990 2067 1160 2132 comitibus
1180 2069 1360 2152 inquirant3
1387 2072 1419 2132 et
1446 2069 1473 2132 si
1494 2070 1690 2148 invenerint,
1717 2070 1804 2154 quod
1824 2070 1881 2155 ipsi

265 2190 308 2236 ea
328 2170 425 2235 dandi
447 2169 603 2235 debitores
624 2172 702 2245 sint,
723 2189 764 2234 ex
785 2176 893 2234 nostro
911 2171 1054 2234 iussione
1075 2170 1149 2234 dere
1169 2170 1380 2254 praecipiant¹

373 2412 401 2484 a)
422 2413 603 2468 ruohtmundi
616 2413 660 2467 vel
670 2413 851 2468 hruotmundi
863 2413 921 2467 alii.
980 2410 1010 2474 bi
1031 2412 1196 2468 Mnnosldus
1209 2408 1306 2467 Gothb·
1357 2412 1384 2482 e)
1407 2413 1563 2486 Hildigerdi
1578 2410 1674 2468 Gotdb·
1726 2416 1756 2485 d)
1779 2415 1880 2471 Haimi-

269 2494 313 2548 ius
326 2489 424 2548 Gottb·
486 2493 513 2562 e)
534 2493 700 2549 Meinas-ium
715 2488 811 2547 Gottb·
889 2493 914 2563 f)
935 2493 1050 2564 explicit
1059 2492 1122 2548 Deo
1133 2492 1238 2565 gratias
1248 2493 1318 2566 legis
1330 2493 1472 2565 eloquium
1483 2495 1550 2549 add.
1564 2496 1624 2549 cod.
1638 2494 1788 2564 &Mem
1797 2496 1881 2569 expli·

267 2573 349 2629 dunt
363 2573 487 2646 capitula
497 2575 638 2629 addeod.
654 2574 710 2628 Vnt
723 2572 788 2628 Chr.
798 2571 882 2627 1000.
1890 2587 1912 2625 se
