4380 6248
266 376 327 450 314
729 376 1016 433 ADDITAMENTA
1035 374 1091 431 AD
1110 373 1337 432 HLUDOWIOI
1358 375 1414 430 PH

373 556 416 618 11.
458 554 510 619 De
531 556 738 639 suspectis
760 552 1039 618 sacerdotibus.
1087 551 1121 616 Si
1147 553 1306 636 quispiam
1333 551 1547 628 sacerdotum,
1576 550 1610 614 id
1635 558 1685 614 est
1705 550 1875 634 episcopus

267 658 443 742 presbyter,
472 658 640 737 diaconus,
659 650 754 721 etiain
776 656 991 722 subdiaconus
1011 656 1050 720 de
1071 673 1274 739 quacumque
1294 654 1413 718 femina
1432 655 1567 718 crimine
1588 652 1808 717 fornicationis
1827 670 1875 715 su·

267 762 419 844 spicatus,
442 766 512 844 post
525 761 661 844 primam
681 758 1141 842 1111111111111111011111111ο
1161 756 1409 820 admonitionem
1425 755 1655 839 metropolitani
1676 755 1726 819 111
1751 754 1877 819 alterius

267 865 404 946 episcopi
426 864 569 926 1111111
591 863 644 926 cui
666 860 828 925 subiacere
848 861 975 924 videtur
1000 862 1183 924 inveniatur
1197 858 1333 923 fabulari
1353 878 1427 922 cum
1441 877 1480 923 aa
1500 858 1550 923 vel
1571 858 1680 942 aliquo
1699 856 1794 921 modo
1806 876 1878 921 cum

268 984 305 1028 ea
331 966 525 1045 conversari,
557 965 707 1028 canonice
740 963 907 1027 iudicetur.
961 962 1158 1047 Quapropter
1189 963 1414 1045 unusquisque
1449 962 1669 1045 episcoporum
1704 960 1738 1023 in
1764 959 1821 1023 tali
1847 975 1915 1023 reo

269 1067 409 1130 studiose
430 1087 467 1130 ac
488 1067 655 1150 diligenter
675 1085 784 1129 curam
808 1063 923 1129 babere
944 1063 1053 1144 debet,
1081 1082 1124 1128 ne
1144 1063 1257 1128 eclesia
1279 1062 1393 1150 Christi
1414 1084 1433 1127 a
1454 1064 1588 1148 propriis
1608 1063 1709 1146 possit
1728 1061 1881 1126 sordidari

269 1170 436 1249 ministris,
457 1171 547 1252 quia,
568 1188 642 1232 cum
664 1169 822 1251 propriam
842 1185 976 1230 uxorem
992 1165 1106 1230 habere
1120 1186 1184 1230 non
1208 1167 1412 1249 permittitur,
1432 1167 1573 1230 maxime
1593 1164 1634 1228 ab
1653 1165 1742 1228 omni
1763 1163 1881 1228 femina

269 1273 310 1335 sit
330 1270 547 1335 abstinendus.

373 1374 417 1437 16.
459 1373 511 1437 Ut
534 1375 721 1457 episcopo
746 1373 789 1436 de
811 1372 1008 1436 subiectis
1028 1371 1221 1457 plebibus
1241 1371 1420 1455 aliisque
1440 1372 1519 1455 piis
1539 1370 1638 1435 locis
1658 1388 1738 1433 non
1760 1369 1884 1435 liceat

269 1495 331 1539 res
352 1475 515 1539 auferre.
560 1474 650 1539 Nulli
678 1477 897 1559 episcoporum
924 1474 1018 1538 liceat
1042 1493 1093 1538 res
1119 1472 1297 1538 immobiles
1325 1474 1364 1537 de
1392 1472 1542 1537 subiectis
1569 1470 1716 1557 plebibus
1744 1471 1880 1556 aliisque
1895 1502 1919 1538 ι(

269 1579 330 1662 piis
353 1578 431 1641 locis
457 1579 492 1641 iu
520 1579 645 1661 proprio
672 1597 735 1641 usu
762 1576 890 1657 bahem,
916 1596 958 1641 ne
985 1578 1120 1641 maiores
1146 1577 1318 1641 enormiter
1343 1574 1576 1659 locupletentur
1598 1580 1631 1639 et
1659 1574 1803 1638 minores
1828 1573 1883 1638 tali

268 1679 350 1743 facto
371 1697 525 1763 pauperes
545 1680 758 1743 inveniantur.
801 1679 918 1743 Contra
938 1698 1035 1764 agens
1055 1681 1207 1743 canonica
1228 1679 1412 1742 auctoritate
1432 1678 1624 1741 comtaudus
1642 1678 1770 1741 existat.

372 1782 417 1845 11.
458 1779 510 1845 De
531 1780 782 1866 presbyteris
803 1783 868 1865 qui
883 1802 948 1866 pro
969 1783 1089 1846 unius
1110 1780 1316 1845 oblatione
1337 1780 1506 1844 alterius
1526 1781 1709 1863 recipere
1729 1778 1883 1843 nolunt.

269 1882 438 1948 Presbiteri
462 1884 559 1947 nullis
589 1883 792 1947 blandiantur
816 1890 872 1948 aut
895 1884 1091 1948 suadeantur
1119 1882 1336 1962 sermonibus,
1364 1888 1401 1945 ut
1428 1901 1492 1945 non
1518 1883 1663 1944 omnium
1693 1880 1733 1945 ad
1755 1900 1791 1945 se
1810 1900 1881 1945 eou-

269 1987 466 2050 currentium
485 1988 519 2049 in
541 1985 737 2069 quibuslibet
758 1989 856 2050 sacris
877 1986 955 2050 locis
982 1985 1156 2050 oblationes
1176 1985 1217 2048 ad
1236 1987 1408 2049 missarum
1439 1983 1684 2048 sollemnitatem
1711 1985 1880 2068 recipiant3
1893 2014 1935 2057 15

269 2089 359 2172 quia,
385 2108 459 2151 curn
485 2088 673 2151 mediatores
697 2086 756 2152 Dei
786 2088 1019 2171 bominumque
1051 2089 1211 2167 existunt,
1245 2089 1280 2150 in
1307 2087 1492 2152 exercendis
1525 2088 1607 2150 votis
1635 2086 1881 2169 relaxandisque

270 2192 404 2274 peccatis
422 2191 632 2273 largissimam
645 2188 761 2254 debent
781 2191 953 2254 orationem
975 2208 1129 2273 peragere.
1158 2188 1191 2253 Si
1213 2190 1286 2273 quis
1307 2196 1414 2253 autem
1424 2195 1534 2253 1111111
1550 2189 1627 2253 haec
1637 2195 1809 2253 temerator
1827 2206 1881 2252 ex·

270 2294 383 2371 titerit,
405 2300 462 2355 aut
480 2292 604 2356 desinat
624 2298 680 2356 aut
700 2293 835 2356 doctoris
846 2293 964 2376 proprii
982 2293 1216 2375 constringatur
1235 2293 1397 2356 sententia
1438 2291 1630 2375 Redemptor
1639 2292 1758 2355 etenim
1769 2300 1879 2368 noster,

270 2414 343 2458 cum
366 2396 407 2457 sit
427 2395 627 2478 omnipotens
647 2396 875 2478 inmensaequo
899 2395 1131 2458 misericordiae
1151 2395 1278 2478 plenus,
1305 2401 1496 2477 quantorum
1518 2393 1710 2479 populorum
1732 2400 1878 2458 votanon

269 2498 380 2580 recipit
400 2502 431 2560 et
451 2496 580 2559 vincula
600 2503 800 2580 peccatorum
822 2503 981 2560 unatenus
1003 2516 1067 2560 non
1088 2496 1234 2560 resolvit!
1886 2522 1908 2560 a

373 2602 418 2665 18.
461 2598 541 2674 Qua
560 2618 598 2662 re
619 2606 688 2663 aut
708 2599 1210 2663 auctoritatedimissoriao
1232 2598 1336 2662 fiant
1355 2599 1665 2663 autcredantur.
1707 2598 1878 2684 Episcopus

271 2701 410 2765 subiecto
432 2700 493 2764 sibi
516 2701 668 2765 sacerdoti
688 2701 739 2766 vel
760 2703 820 2765 alio
841 2700 954 2765 clerico
976 2702 1037 2764 nisi
1059 2701 1098 2764 ab
1120 2702 1181 2765 alio
1197 2702 1374 2786 postulatus
1390 2702 1603 2767 dimissoriam
1624 2721 1690 2766 non
1711 2702 1822 2780 faciat,
1841 2722 1877 2767 ne

271 2805 340 2866 ovis
361 2804 452 2886 quasi
472 2803 593 2887 perdita
614 2810 669 2867 aut
688 2823 796 2868 errans
817 2805 1012 2882 inveniatur3
1042 2803 1096 2868 sed
1120 2824 1176 2888 per
1195 2824 1388 2869 consensum
1411 2806 1510 2869 unius
1530 2806 1565 2868 in
1584 2805 1716 2869 alterius
1738 2807 1877 2876 invenis.

271 2914 325 2968 tur
343 2905 425 2968 ovili.
468 2904 508 2968 Et
529 2923 569 2968 ne
589 2905 686 2969 falsae
708 2913 743 2969 ut
764 2926 857 2970 verae
884 2906 1053 2970 credantur
1079 2913 1110 2971 et
1136 2926 1229 2972 verae
1254 2914 1291 2971 ut
1315 2907 1412 2972 falsae
1443 2909 1660 2990 suspicentur,
1687 2908 1874 2973 universalis

272 3006 429 3090 pontificis
447 3013 504 3070 aut
523 3008 695 3090 imperialis
714 3007 764 3071 vel
787 3008 1018 3091 metropolitani
1039 3008 1128 3072 bulla
1149 3008 1289 3072 roborari
1311 3016 1461 3093 oparata
1885 3031 1906 3073 a

374 3111 418 3173 19.
459 3108 508 3172 Ut
528 3111 706 3193 episcopi
728 3108 987 3193 universique
1008 3112 1234 3176 sacerdotes
1255 3112 1468 3176 advocatos
1491 3112 1674 3177 habeant.
1717 3111 1801 3189 Quia
1818 3112 1877 3197 epi·

272 3212 356 3294 scopi
380 3212 587 3294 universique
607 3212 783 3275 sacerdotes
805 3211 845 3274 ad
871 3212 970 3275 solam
996 3212 1125 3276 laudem
1145 3211 1203 3276 Dei
1228 3212 1450 3297 bonorumque
1478 3234 1611 3298 operum
1631 3216 1790 3279 actionem
1809 3233 1878 3279 cou-

273 3313 463 3392 stituuntur,
495 3312 588 3376 debet
618 3332 694 3397 ergo
727 3316 951 3397 unusquisque
976 3334 1087 3378 eorum
1116 3322 1181 3378 tam
1203 3335 1259 3398 pro
1288 3316 1491 3381 eclesiasticis
1524 3336 1621 3400 quam
1649 3318 1786 3401 propriis
1815 3318 1877 3381 suia

272 3414 468 3491 actionibus,
503 3423 633 3499 excepto
664 3415 791 3500 publico
819 3417 963 3481 videlicet
989 3418 1134 3492 crimine,
1166 3418 1355 3482 advocatum
1388 3418 1517 3499 habere,
1550 3439 1614 3483 nou
1649 3419 1753 3483 malae
1781 3419 1879 3483 famae

272 3523 470 3600 suspectum,
498 3518 552 3581 sed
575 3517 655 3582 bone
683 3520 840 3602 opinionis
866 3526 897 3582 et
922 3519 1089 3583 laudabilis
1117 3521 1192 3584 artis
1222 3521 1407 3585 inventum:
1437 3539 1491 3600 ne,
1516 3521 1595 3585 dum
1625 3522 1769 3586 humana
1796 3522 1911 3586 lucra»

272 3617 455 3699 attendunt,
478 3627 605 3683 aeterna
625 3623 766 3704 praemia
786 3621 925 3704 perdant

371 3723 418 3786 20.
459 3720 514 3785 111
536 3723 596 3786 his
623 3724 692 3805 qui
720 3723 938 3787 advocatos
964 3725 1145 3788 invenire
1167 3732 1382 3808 nequeunt
1431 3724 1465 3790 Si
1491 3727 1578 3789 enim
1603 3725 1700 3789 fuerit
1722 3727 1880 3811 quispiam

272 3823 469 3887 sacerdotum
492 3825 655 3898 inventae,
676 3827 733 3908 qui
753 3825 941 3889 advocatum
961 3826 995 3888 in
1016 3826 1170 3890 iudicium
1192 3826 1331 3910 proferre
1349 3846 1412 3890 non
1431 3828 1549 3907 valeat,
1571 3847 1678 3891 coram
1699 3827 1793 3911 plebe
1814 3848 1882 3913 pro

272 3927 340 4008 pria
361 3946 457 3989 suurn
479 3927 662 4009 episcopum
684 3927 821 3991 eundem
842 3932 964 4010 oportet
983 3927 1139 3993 discutere
1160 3929 1366 4007 sacerdotem,
1394 3931 1421 3994 si
1442 3930 1545 3993 bonae
1566 3950 1607 3994 an
1628 3930 1733 3995 malae
1754 3950 1882 3995 eonver-

273 4030 403 4092 sationis
425 4030 553 4103 existat,
581 4035 637 4092 ant
661 4031 753 4092 cuius
780 4030 827 4092 rei
847 4049 943 4093 eausa
966 4029 1068 4094 debite
1087 4031 1275 4095 advocatum
1300 4031 1416 4095 habere
1441 4051 1505 4095 non
1532 4034 1644 4116 possit;
1672 4033 1780 4097 malus
1810 4050 1916 4097 veroa

272 4131 424 4194 inventus
444 4151 500 4214 pro
522 4130 673 4214 qualitate
691 4131 802 4214 culpae
823 4132 998 4195 secundum
1021 4152 1180 4196 canonum
1202 4154 1347 4198 normam
1370 4134 1532 4198 emendari
1553 4142 1691 4199 curetur.

377 4234 424 4295 21.
466 4231 519 4295 111
540 4234 787 4296 monasterio
808 4232 870 4296 vel
892 4235 1068 4297 oratorio
1086 4236 1187 4318 quod
1207 4257 1226 4299 a
1240 4238 1397 4320 proprio
1419 4236 1574 4300 domino
1595 4236 1669 4300 soli
1691 4236 1884 4301 aedifica-

272 4342 355 4398 tum
377 4344 446 4399 est
491 4334 720 4398 Monasterinnr
747 4335 796 4399 vel
823 4337 993 4399 oratorium
1021 4339 1171 4402 canonice
1196 4345 1414 4403 constmctum
1445 4360 1463 4402 a
1490 4340 1631 4404 dominio
1657 4341 1884 4404 constructoris

273 4438 373 4499 invito
395 4457 458 4499 non
480 4438 655 4516 auferatur,
682 4438 836 4520 liceatque
855 4438 902 4501 illi
922 4439 954 4502 id
974 4440 1145 4522 presbitero
1167 4442 1219 4505 cui
1241 4442 1377 4506 voluerit
1399 4461 1455 4526 pro
1478 4461 1567 4506 sacro
1590 4440 1693 4505 officio
1713 4442 1801 4506 illius
1820 4442 1883 4505 dio

272 4558 380 4603 oeseos
400 4549 431 4602 ot
452 4539 554 4602 bonae
575 4541 770 4604 auctoritatis
793 4540 988 4605 dimissoriae
1010 4562 1084 4605 curn
1105 4562 1263 4607 consensu
1284 4546 1436 4628 episcopi,
1464 4563 1505 4608 ne
1527 4544 1631 4608 malus
1651 4545 1782 4621 exiebat,
1801 4562 1918 4608 com-n

272 4641 435 4720 mendane,
469 4643 512 4703 ita
540 4648 575 4704 ut
599 4642 639 4704 ad
666 4642 778 4725 placita
802 4650 834 4706 et
857 4645 948 4706 iuxta
978 4647 1185 4708 reverentiam
1211 4647 1312 4729 ipsius
1341 4645 1479 4731 episcopi
1507 4646 1711 4710 oboedienter
1738 4647 1882 4711 sacerdos

272 4750 420 4805 recurrat.

373 4846 422 4909 22.
466 4843 519 4907 111
539 4847 746 4910 invasione
768 4849 884 4930 quasi
905 4868 974 4932 pro
996 4857 1109 4932 parte
1133 4849 1336 4915 ecclesiae
1355 4851 1472 4915 facta.
1516 4852 1550 4915 Si
1573 4852 1733 4935 quispiam
1756 4852 1882 4915 invasor

272 4945 494 5028 comprobatus
514 4946 598 5009 dicat
619 4967 674 5029 pro
696 4954 783 5031 parte
801 4949 951 5012 ecclesiae
972 4969 1006 5013 se
1016 4953 1118 5033 egisse
1133 4952 1172 5014 de
1182 4953 1303 5034 privata
1321 4953 1382 5017 sibi
1400 4974 1434 5016 re
1445 4954 1636 5037 pertinente,
1656 4951 1697 5016 ab
1719 4955 1788 5037 ipso
1809 4972 1880 5016 auo·

274 5066 336 5129 que
356 5047 470 5111 herede
492 5048 634 5112 solvatur
655 5050 786 5112 invasio.
829 5050 980 5114 Sacerdos
1000 5051 1138 5136 denique
1159 5054 1192 5116 iu
1214 5053 1267 5117 tali
1289 5055 1383 5138 culpa
1403 5074 1525 5139 pauper
1545 5057 1696 5119 inventus
1716 5076 1737 5118 a
1757 5056 1877 5140 proprio
1890 5074 1914 5112 1

272 5150 422 5211 canonice
443 5150 600 5213 iudicetur
621 5152 780 5235 episcope,
801 5160 919 5215 utnon
943 5153 1074 5216 aeclesia
1095 5154 1156 5217 sibi
1177 5156 1347 5220 commissa
1367 5157 1520 5220 damnum
1541 5158 1704 5222 sustineat

374 5254 421 5314 23.
464 5249 519 5314 111
540 5253 794 5317 senedochiis
816 5261 852 5316 et
873 5254 966 5317 aliis
988 5255 1193 5321 similibus
1214 5257 1325 5321 locis.
1371 5258 1433 5322 Per
1454 5258 1698 5323 sollicitudinem
1721 5261 1876 5344 episcope

373 5643 402 5715 o)
423 5645 577 5700 etiamcod.
589 5646 683 5715 (11111.
745 5646 776 5718 p)
794 5654 905 5719 oportet
912 5666 965 5705 om.
975 5667 999 5703 1.
